timestamp,price,qty,taker_order_id,maker_order_id,taker_owner,maker_owner,taker_side
0.07459248863293023,100.01,3,ORD-17,ORD-2,FLOW,FLOW,BID
0.10362356349978918,100.01,2,ORD-20,ORD-2,FLOW,FLOW,BID
0.20558743168218618,100.0,1,ORD-28,ORD-27,FLOW,MM,BID
0.21740452260544424,100.01,2,ORD-31,ORD-2,FLOW,FLOW,BID
0.29010898711878397,100.0,3,ORD-41,ORD-40,FLOW,MM,BID
0.3100068578108447,100.0,3,ORD-44,ORD-43,FLOW,MM,BID
0.3419947382687922,100.01,3,ORD-47,ORD-2,FLOW,FLOW,BID
0.3501781825052948,100.01,3,ORD-50,ORD-2,FLOW,FLOW,BID
0.40901939854632585,100.01,3,ORD-56,ORD-2,FLOW,FLOW,BID
0.4819537340308127,100.01,4,ORD-68,ORD-2,FLOW,FLOW,BID
0.509768048486116,100.01,3,ORD-74,ORD-72,FUND_ADAPT,MM,ASK
0.5426080829420339,100.02,4,ORD-75,ORD-4,FLOW,FLOW,BID
0.5442230184755733,100.02,4,ORD-78,ORD-4,FLOW,FLOW,BID
0.5564890332146981,100.02,4,ORD-83,ORD-4,FLOW,FLOW,BID
0.571978280541856,100.02,1,ORD-86,ORD-4,FLOW,FLOW,BID
0.6285101700651189,100.02,4,ORD-92,ORD-4,FLOW,FLOW,BID
0.7242102335180785,100.02,3,ORD-101,ORD-4,FLOW,FLOW,BID
0.7242102335180785,100.02,1,ORD-101,ORD-25,FLOW,FLOW,BID
0.7914809046520288,100.02,1,ORD-113,ORD-25,FLOW,FLOW,BID
0.9482511556833346,100.02,3,ORD-132,ORD-25,FLOW,FLOW,BID
0.9701446904753078,100.02,1,ORD-138,ORD-129,FLOW,FLOW,BID
1.0154819228140513,100.01,3,ORD-149,ORD-147,FUND_ADAPT,MM,ASK
1.1042302023055783,100.02,1,ORD-164,ORD-129,FLOW,FLOW,BID
1.17531815391696,100.0,1,ORD-174,ORD-141,FLOW,FLOW,ASK
1.2046496004156468,100.02,3,ORD-182,ORD-129,FLOW,FLOW,BID
1.2046496004156468,100.02,1,ORD-182,ORD-181,FLOW,MM,BID
1.2046496004156468,100.01,3,ORD-185,ORD-183,FUND_ADAPT,MM,ASK
1.2244232700335893,100.01,3,ORD-188,ORD-186,FUND_ADAPT,MM,ASK
1.3293576212378684,100.03,3,ORD-189,ORD-187,FLOW,MM,BID
1.3293576212378684,100.04,1,ORD-189,ORD-65,FLOW,FLOW,BID
1.3659449422196657,100.01,3,ORD-194,ORD-192,FUND_ADAPT,MM,ASK
1.389961237759483,100.03,3,ORD-195,ORD-193,FLOW,MM,BID
1.389961237759483,100.04,1,ORD-195,ORD-65,FLOW,FLOW,BID
1.4127425807479606,100.03,3,ORD-201,ORD-200,FLOW,MM,BID
1.4127425807479606,100.04,1,ORD-201,ORD-65,FLOW,FLOW,BID
1.4400690408671046,100.01,3,ORD-207,ORD-205,FUND_ADAPT,MM,ASK
1.4862887607704123,100.02,3,ORD-213,ORD-208,FUND_ADAPT,FLOW,ASK
1.4862887607704123,100.02,1,ORD-213,ORD-211,FUND_ADAPT,MM,ASK
1.487965358770755,100.04,1,ORD-214,ORD-98,FLOW,FLOW,BID
1.487965358770755,100.04,2,ORD-214,ORD-104,FLOW,FLOW,BID
1.487965358770755,100.01,3,ORD-217,ORD-215,FUND_ADAPT,MM,ASK
1.4987756293421737,100.03,1,ORD-218,ORD-216,FLOW,MM,BID
1.5216637339805537,100.02,2,ORD-224,ORD-223,FLOW,MM,BID
1.5279284387285972,100.01,3,ORD-230,ORD-228,FUND_ADAPT,MM,ASK
1.5379724877155578,100.0,3,ORD-231,ORD-141,FLOW,FLOW,ASK
1.5379724877155578,100.0,1,ORD-231,ORD-204,FLOW,FLOW,ASK
1.5379724877155578,100.01,3,ORD-234,ORD-233,FUND_ADAPT,MM,BID
1.5629740296267238,100.02,3,ORD-237,ORD-236,FLOW,MM,BID
1.5719315231099857,100.02,1,ORD-240,ORD-239,FLOW,MM,BID
1.6461710504401057,100.0,2,ORD-246,ORD-244,FLOW,MM,ASK
1.8437273281121982,100.02,3,ORD-263,ORD-262,FLOW,MM,BID
1.867866084517957,100.01,3,ORD-271,ORD-269,FUND_ADAPT,MM,ASK
1.8815130527231776,100.03,4,ORD-272,ORD-255,FLOW,FLOW,BID
1.910428588256865,100.0,1,ORD-277,ORD-258,FLOW,FLOW,ASK
1.9386423915295259,100.02,3,ORD-283,ORD-282,FLOW,MM,BID
1.9386423915295259,100.01,3,ORD-286,ORD-284,FUND_ADAPT,MM,ASK
1.9823941172912285,100.03,1,ORD-287,ORD-255,FLOW,FLOW,BID
1.990245801341179,100.03,1,ORD-290,ORD-289,FLOW,MM,BID
2.005531026400685,100.01,3,ORD-296,ORD-294,FUND_ADAPT,MM,ASK
2.0232342667458836,100.0,3,ORD-297,ORD-258,FLOW,FLOW,ASK
2.0232342667458836,100.01,3,ORD-300,ORD-298,FUND_ADAPT,MM,ASK
2.0393503441703515,100.0,1,ORD-301,ORD-258,FLOW,FLOW,ASK
2.0393503441703515,99.99,1,ORD-301,ORD-249,FLOW,FLOW,ASK
2.0393503441703515,99.98,2,ORD-301,ORD-144,FLOW,FLOW,ASK
2.0641409853520516,100.01,3,ORD-307,ORD-306,FUND_ADAPT,MM,BID
2.08572207545161,100.04,3,ORD-308,ORD-104,FLOW,FLOW,BID
2.1006005865315753,100.0,3,ORD-314,ORD-312,FLOW,MM,ASK
2.1006005865315753,99.99,1,ORD-314,ORD-311,FLOW,FLOW,ASK
2.1777024658260524,99.99,1,ORD-333,ORD-311,FLOW,FLOW,ASK
2.211120360888895,100.0,3,ORD-338,ORD-337,FLOW,MM,BID
2.240963255347111,99.99,1,ORD-344,ORD-311,FLOW,FLOW,ASK
2.351087333149378,99.99,1,ORD-359,ORD-311,FLOW,FLOW,ASK
2.567918974892425,100.01,4,ORD-376,ORD-347,FLOW,FLOW,BID
2.5716317933438035,99.99,2,ORD-379,ORD-311,FLOW,FLOW,ASK
2.5716317933438035,99.99,1,ORD-379,ORD-353,FLOW,FLOW,ASK
2.6154400466824024,100.01,2,ORD-384,ORD-347,FLOW,FLOW,BID
2.6154400466824024,100.01,1,ORD-384,ORD-350,FLOW,FLOW,BID
2.8140615634992896,100.01,2,ORD-409,ORD-350,FLOW,FLOW,BID
2.832721350215826,99.99,2,ORD-412,ORD-353,FLOW,FLOW,ASK
2.8662407346981404,100.01,1,ORD-415,ORD-350,FLOW,FLOW,BID
2.8662407346981404,100.01,1,ORD-415,ORD-400,FLOW,FLOW,BID
2.8662407346981404,100.01,2,ORD-415,ORD-414,FLOW,MM,BID
2.8695228683364653,100.02,2,ORD-418,ORD-325,FLOW,FLOW,BID
3.0541351975791335,100.02,1,ORD-438,ORD-406,FLOW,FLOW,BID
3.0541351975791335,100.02,2,ORD-438,ORD-437,FLOW,MM,BID
3.0807174093082264,100.03,3,ORD-441,ORD-440,FLOW,MM,BID
3.1141887055989614,100.04,1,ORD-446,ORD-167,FLOW,FLOW,BID
3.1141887055989614,100.02,3,ORD-449,ORD-447,FUND_ADAPT,MM,ASK
3.1340787933246017,100.0,3,ORD-456,ORD-453,FLOW,FLOW,ASK
3.176292082376925,100.0,3,ORD-471,ORD-453,FLOW,FLOW,ASK
3.176292082376925,100.0,1,ORD-471,ORD-469,FLOW,MM,ASK
3.2560626786222593,100.02,2,ORD-479,ORD-450,FLOW,FLOW,BID
3.2560626786222593,100.02,1,ORD-479,ORD-462,FLOW,FLOW,BID
3.350370930725981,100.02,2,ORD-494,ORD-462,FLOW,FLOW,BID
3.4175705900891105,100.0,3,ORD-505,ORD-488,FLOW,FLOW,ASK
3.446180174258769,100.02,1,ORD-508,ORD-468,FLOW,FLOW,BID
3.4830001046498884,100.0,1,ORD-517,ORD-488,FLOW,FLOW,ASK
3.4830001046498884,100.0,3,ORD-517,ORD-515,FLOW,MM,ASK
3.4830001046498884,100.01,3,ORD-520,ORD-519,FUND_ADAPT,MM,BID
3.6189940884588125,100.02,3,ORD-531,ORD-468,FUND_ADAPT,FLOW,BID
3.6189940884588125,100.02,1,ORD-531,ORD-521,FUND_ADAPT,FLOW,BID
3.638141308178945,100.02,3,ORD-534,ORD-521,FUND_ADAPT,FLOW,BID
3.638141308178945,100.02,1,ORD-534,ORD-533,FUND_ADAPT,MM,BID
3.6408391057636793,100.02,2,ORD-535,ORD-533,FLOW,MM,BID
3.669581802954194,100.01,1,ORD-538,ORD-536,FLOW,MM,ASK
3.840832980359282,100.01,3,ORD-552,ORD-550,FLOW,MM,ASK
3.840832980359282,100.01,3,ORD-555,ORD-552,FUND_ADAPT,FLOW,BID
3.840832980359282,100.01,1,ORD-555,ORD-554,FUND_ADAPT,MM,BID
3.915109330736239,100.03,2,ORD-563,ORD-562,FLOW,MM,BID
3.926941051344926,100.01,3,ORD-566,ORD-564,FLOW,MM,ASK
3.926941051344926,100.02,3,ORD-569,ORD-568,FUND_ADAPT,MM,BID
3.9645067864822137,100.03,3,ORD-577,ORD-576,FUND_ADAPT,MM,BID
4.01171894794125,100.04,4,ORD-581,ORD-167,FLOW,FLOW,BID
4.149440831535877,100.03,2,ORD-604,ORD-602,FLOW,MM,ASK
4.149440831535877,100.04,1,ORD-607,ORD-167,FUND_ADAPT,FLOW,BID
4.149440831535877,100.04,3,ORD-607,ORD-221,FUND_ADAPT,FLOW,BID
4.172974847999975,100.04,4,ORD-611,ORD-243,FUND_ADAPT,FLOW,BID
4.193141887854915,100.04,1,ORD-618,ORD-243,FUND_ADAPT,FLOW,BID
4.193141887854915,100.04,3,ORD-618,ORD-252,FUND_ADAPT,FLOW,BID
4.196675518048234,100.04,4,ORD-622,ORD-320,FUND_ADAPT,FLOW,BID
4.212814390400154,100.04,1,ORD-626,ORD-320,FUND_ADAPT,FLOW,BID
4.212814390400154,100.04,3,ORD-626,ORD-341,FUND_ADAPT,FLOW,BID
4.249977991639528,100.04,2,ORD-630,ORD-341,FUND_ADAPT,FLOW,BID
4.249977991639528,100.04,2,ORD-630,ORD-524,FUND_ADAPT,FLOW,BID
4.332792693606497,100.03,1,ORD-633,ORD-631,FLOW,MM,ASK
4.346709251171343,100.04,3,ORD-639,ORD-524,FUND_ADAPT,FLOW,BID
4.354979803963833,100.05,1,ORD-640,ORD-150,FLOW,FLOW,BID
4.360168051776274,100.05,2,ORD-643,ORD-150,FLOW,FLOW,BID
4.449756575798309,100.03,3,ORD-646,ORD-644,FLOW,MM,ASK
4.523260434703689,100.04,3,ORD-657,ORD-656,FUND_ADAPT,MM,BID
4.5566475479078035,100.05,2,ORD-664,ORD-150,FUND_ADAPT,FLOW,BID
4.5566475479078035,100.05,2,ORD-664,ORD-485,FUND_ADAPT,FLOW,BID
4.5815969107050005,100.05,4,ORD-668,ORD-485,FUND_ADAPT,FLOW,BID
4.643875032528736,100.05,1,ORD-672,ORD-572,FLOW,FLOW,BID
4.643875032528736,100.05,4,ORD-675,ORD-572,FUND_ADAPT,FLOW,BID
4.648442764909568,100.05,3,ORD-676,ORD-674,FLOW,MM,BID
4.713127871950842,100.06,2,ORD-690,ORD-623,FLOW,FLOW,BID
4.713127871950842,100.06,2,ORD-690,ORD-689,FLOW,MM,BID
4.713127871950842,100.05,3,ORD-693,ORD-691,FUND_ADAPT,MM,ASK
4.750040762646404,100.07,1,ORD-694,ORD-649,FLOW,FLOW,BID
4.750040762646404,100.07,1,ORD-694,ORD-682,FLOW,FLOW,BID
4.750040762646404,100.07,1,ORD-694,ORD-692,FLOW,MM,BID
4.754908897480558,100.07,3,ORD-697,ORD-696,FLOW,MM,BID
4.754908897480558,100.08,1,ORD-697,ORD-619,FLOW,FLOW,BID
4.754908897480558,100.06,3,ORD-700,ORD-698,FUND_ADAPT,MM,ASK
4.762561035117072,100.05,3,ORD-704,ORD-702,FUND_ADAPT,MM,ASK
4.76704276103307,100.02,2,ORD-705,ORD-584,FLOW,FLOW,ASK
4.800856452023815,100.07,3,ORD-708,ORD-707,FLOW,MM,BID
4.800856452023815,100.07,3,ORD-711,ORD-708,FUND_ADAPT,FLOW,ASK
4.800856452023815,100.07,3,ORD-711,ORD-709,FUND_ADAPT,MM,ASK
4.815366343543222,100.07,3,ORD-715,ORD-714,FLOW,MM,BID
4.836503242633445,100.07,1,ORD-721,ORD-715,FLOW,FLOW,ASK
4.836503242633445,100.07,3,ORD-721,ORD-719,FLOW,MM,ASK
4.836503242633445,100.06,3,ORD-724,ORD-722,FUND_ADAPT,MM,ASK
4.902919692970575,100.07,1,ORD-730,ORD-729,FLOW,MM,BID
4.902919692970575,100.05,3,ORD-733,ORD-731,FUND_ADAPT,MM,ASK
4.925328041837789,100.05,3,ORD-737,ORD-735,FUND_ADAPT,MM,ASK
4.99163677241746,100.04,1,ORD-741,ORD-718,FLOW,FLOW,ASK
5.010394472080354,100.04,2,ORD-744,ORD-718,FLOW,FLOW,ASK
5.011237684058416,100.04,2,ORD-747,ORD-718,FLOW,FLOW,ASK
5.011237684058416,100.04,1,ORD-747,ORD-745,FLOW,MM,ASK
5.011237684058416,100.05,3,ORD-750,ORD-749,FUND_ADAPT,MM,BID
5.074466472155482,100.05,3,ORD-753,ORD-752,FUND_ADAPT,MM,BID
5.155902282944067,100.04,2,ORD-762,ORD-760,FLOW,MM,ASK
5.248819725343379,100.06,2,ORD-768,ORD-767,FLOW,MM,BID
5.265926175213799,100.07,3,ORD-771,ORD-770,FLOW,MM,BID
5.265926175213799,100.07,1,ORD-774,ORD-771,FUND_ADAPT,FLOW,ASK
5.265926175213799,100.07,3,ORD-774,ORD-772,FUND_ADAPT,MM,ASK
5.337324044464141,100.08,3,ORD-775,ORD-619,FLOW,FLOW,BID
5.337324044464141,100.08,1,ORD-775,ORD-685,FLOW,FLOW,BID
5.388234532999091,100.05,3,ORD-783,ORD-782,FUND_ADAPT,MM,BID
5.388244778186863,100.07,4,ORD-784,ORD-778,FLOW,FLOW,BID
5.394510058113554,100.05,3,ORD-790,ORD-788,FUND_ADAPT,MM,ASK
5.485465394174436,100.04,3,ORD-797,ORD-795,FLOW,MM,ASK
5.5238834384354085,100.05,3,ORD-805,ORD-804,FUND_ADAPT,MM,BID
5.5266542621436265,100.08,1,ORD-806,ORD-685,FLOW,FLOW,BID
5.546699493387166,100.04,3,ORD-809,ORD-807,FLOW,MM,ASK
5.546699493387166,100.03,3,ORD-812,ORD-811,FUND_ADAPT,MM,BID
5.5924075378368885,100.04,2,ORD-816,ORD-809,FUND_ADAPT,FLOW,BID
5.5924075378368885,100.04,2,ORD-816,ORD-815,FUND_ADAPT,MM,BID
5.697724148662272,100.05,3,ORD-826,ORD-825,FUND_ADAPT,MM,BID
5.726772277519324,100.03,2,ORD-827,ORD-824,FLOW,MM,ASK
5.8479469337609755,100.04,3,ORD-849,ORD-847,FLOW,MM,ASK
5.94592231685613,100.06,4,ORD-858,ORD-820,FLOW,FLOW,BID
6.046672365461778,100.06,1,ORD-867,ORD-820,FLOW,FLOW,BID
6.05205293620159,100.06,1,ORD-870,ORD-820,FLOW,FLOW,BID
6.05205293620159,100.06,1,ORD-870,ORD-864,FLOW,FLOW,BID
6.140741939575483,100.06,1,ORD-887,ORD-864,FLOW,FLOW,BID
6.261166449206365,100.04,2,ORD-892,ORD-876,FLOW,FLOW,ASK
6.282751270471847,100.06,3,ORD-895,ORD-864,FLOW,FLOW,BID
6.282751270471847,100.06,1,ORD-895,ORD-894,FLOW,MM,BID
6.282751270471847,100.05,3,ORD-898,ORD-896,FUND_ADAPT,MM,ASK
6.344814428558481,100.05,1,ORD-901,ORD-899,FLOW,MM,ASK
6.358805252753014,100.06,3,ORD-904,ORD-903,FLOW,MM,BID
6.358805252753014,100.08,1,ORD-904,ORD-725,FLOW,FLOW,BID
6.398179721503593,100.05,2,ORD-907,ORD-905,FLOW,MM,ASK
6.4007755440952145,100.07,3,ORD-910,ORD-909,FLOW,MM,BID
6.4007755440952145,100.08,1,ORD-910,ORD-725,FLOW,FLOW,BID
6.52805678610928,100.05,3,ORD-929,ORD-927,FLOW,MM,ASK
6.613034092855495,100.05,3,ORD-939,ORD-937,FUND_ADAPT,MM,ASK
6.680898722174429,100.06,1,ORD-942,ORD-941,FLOW,MM,BID
6.75731570512265,100.06,3,ORD-951,ORD-950,FLOW,MM,BID
6.800444579984419,100.05,3,ORD-957,ORD-955,FUND_ADAPT,MM,ASK
6.856959752927609,100.05,2,ORD-966,ORD-965,FLOW,MM,BID
6.857079635352139,100.04,2,ORD-969,ORD-921,FLOW,FLOW,ASK
6.861160533253712,100.04,1,ORD-972,ORD-921,FLOW,FLOW,ASK
6.861160533253712,100.04,3,ORD-972,ORD-926,FLOW,FLOW,ASK
6.937741747492907,100.04,3,ORD-977,ORD-926,FLOW,FLOW,ASK
6.937741747492907,100.04,1,ORD-977,ORD-948,FLOW,FLOW,ASK
6.937741747492907,100.04,1,ORD-977,ORD-975,FLOW,MM,ASK
6.937741747492907,100.05,3,ORD-980,ORD-979,FUND_ADAPT,MM,BID
6.975639273225726,100.04,3,ORD-983,ORD-981,FUND_ADAPT,MM,ASK
6.999943027966864,100.03,2,ORD-984,ORD-840,FLOW,FLOW,ASK
7.025492435865754,100.05,3,ORD-989,ORD-988,FLOW,MM,BID
7.025492435865754,100.06,1,ORD-989,ORD-960,FLOW,FLOW,BID
7.028963974924442,100.04,3,ORD-992,ORD-990,FLOW,MM,ASK
7.095621127676618,100.04,3,ORD-1000,ORD-992,FLOW,FLOW,BID
7.095621127676618,100.04,1,ORD-1000,ORD-999,FLOW,MM,BID
7.095621127676618,100.03,3,ORD-1003,ORD-840,FUND_ADAPT,FLOW,ASK
7.095621127676618,100.03,1,ORD-1003,ORD-852,FUND_ADAPT,FLOW,ASK
7.124965615018005,100.03,4,ORD-1009,ORD-852,FLOW,FLOW,ASK
7.124965615018005,100.03,1,ORD-1009,ORD-881,FLOW,FLOW,ASK
7.13628541382617,100.05,3,ORD-1012,ORD-1011,FLOW,MM,BID
7.13628541382617,100.06,1,ORD-1012,ORD-960,FLOW,FLOW,BID
7.168843478871355,100.04,3,ORD-1021,ORD-1019,FUND_ADAPT,MM,ASK
7.17344997756522,100.06,2,ORD-1022,ORD-960,FLOW,FLOW,BID
7.17344997756522,100.06,1,ORD-1022,ORD-963,FLOW,FLOW,BID
7.277297528245818,100.03,1,ORD-1036,ORD-945,FLOW,FLOW,ASK
7.277297528245818,100.03,2,ORD-1036,ORD-954,FLOW,FLOW,ASK
7.279350906656318,100.03,4,ORD-1043,ORD-954,FUND_ADAPT,FLOW,ASK
7.348554847484881,100.03,2,ORD-1044,ORD-1018,FLOW,FLOW,ASK
7.37514384233071,100.03,2,ORD-1052,ORD-1018,FLOW,FLOW,ASK
7.394985738824268,100.05,2,ORD-1055,ORD-1025,FLOW,FLOW,BID
7.394985738824268,100.05,1,ORD-1055,ORD-1054,FLOW,MM,BID
7.445730465378165,100.03,1,ORD-1068,ORD-1018,FUND_ADAPT,FLOW,ASK
7.445730465378165,100.03,3,ORD-1068,ORD-1028,FUND_ADAPT,FLOW,ASK
7.468115223339237,100.05,4,ORD-1071,ORD-1058,FLOW,FLOW,BID
7.468115223339237,100.05,1,ORD-1071,ORD-1070,FLOW,MM,BID
7.468115223339237,100.04,3,ORD-1074,ORD-1072,FUND_ADAPT,MM,ASK
7.491545872936546,100.03,4,ORD-1077,ORD-1049,FUND_ADAPT,FLOW,ASK
7.552427714407198,100.02,1,ORD-1080,ORD-584,FUND_ADAPT,FLOW,ASK
7.552427714407198,100.02,1,ORD-1080,ORD-587,FUND_ADAPT,FLOW,ASK
7.552427714407198,100.02,1,ORD-1080,ORD-595,FUND_ADAPT,FLOW,ASK
7.552427714407198,100.02,1,ORD-1080,ORD-615,FUND_ADAPT,FLOW,ASK
7.597368312624857,100.02,3,ORD-1084,ORD-658,FUND_ADAPT,FLOW,ASK
7.597368312624857,100.02,1,ORD-1084,ORD-757,FUND_ADAPT,FLOW,ASK
7.6258665336692175,100.02,4,ORD-1088,ORD-757,FUND_ADAPT,FLOW,ASK
7.6326803101096194,100.02,1,ORD-1092,ORD-757,FUND_ADAPT,FLOW,ASK
7.6326803101096194,100.02,3,ORD-1092,ORD-846,FUND_ADAPT,FLOW,ASK
7.663287221987401,100.04,3,ORD-1093,ORD-1091,FLOW,MM,BID
7.663287221987401,100.05,1,ORD-1093,ORD-1089,FLOW,FLOW,BID
7.73402947456215,100.04,3,ORD-1101,ORD-1096,FLOW,FLOW,BID
7.759089568565244,100.04,3,ORD-1104,ORD-1096,FLOW,FLOW,BID
7.759089568565244,100.02,3,ORD-1107,ORD-846,FUND_ADAPT,FLOW,ASK
7.759089568565244,100.02,1,ORD-1107,ORD-855,FUND_ADAPT,FLOW,ASK
7.767011928296894,100.02,3,ORD-1110,ORD-855,FUND_ADAPT,FLOW,ASK
7.767011928296894,100.02,1,ORD-1110,ORD-913,FUND_ADAPT,FLOW,ASK
7.794886898797522,100.02,4,ORD-1114,ORD-913,FUND_ADAPT,FLOW,ASK
7.8012429906397545,100.02,3,ORD-1115,ORD-918,FLOW,FLOW,ASK
7.8012429906397545,100.02,1,ORD-1115,ORD-995,FLOW,FLOW,ASK
7.8012429906397545,100.02,1,ORD-1115,ORD-1063,FLOW,FLOW,ASK
7.8012429906397545,100.02,2,ORD-1118,ORD-1063,FUND_ADAPT,FLOW,ASK
7.8012429906397545,100.02,2,ORD-1118,ORD-1116,FUND_ADAPT,MM,ASK
7.962940947976556,100.04,3,ORD-1125,ORD-1124,FLOW,MM,BID
7.962940947976556,100.02,3,ORD-1128,ORD-1126,FUND_ADAPT,MM,ASK
7.969654639097732,100.02,3,ORD-1132,ORD-1130,FUND_ADAPT,MM,ASK
8.00711345780608,100.02,3,ORD-1136,ORD-1135,FLOW,MM,BID
8.00711345780608,100.01,3,ORD-1139,ORD-679,FUND_ADAPT,FLOW,ASK
8.00711345780608,100.01,1,ORD-1139,ORD-817,FUND_ADAPT,FLOW,ASK
8.01859315897951,100.03,3,ORD-1140,ORD-1138,FLOW,MM,BID
8.01859315897951,100.04,1,ORD-1140,ORD-1133,FLOW,FLOW,BID
8.105163674576954,100.02,3,ORD-1146,ORD-1144,FUND_ADAPT,MM,ASK
8.118621902902278,100.02,3,ORD-1150,ORD-1147,FUND_ADAPT,FLOW,ASK
8.118621902902278,100.02,1,ORD-1150,ORD-1148,FUND_ADAPT,MM,ASK
8.213981762395992,100.01,2,ORD-1157,ORD-817,FUND_ADAPT,FLOW,ASK
8.213981762395992,100.01,2,ORD-1157,ORD-823,FUND_ADAPT,FLOW,ASK
8.22789436900095,100.01,3,ORD-1164,ORD-823,FUND_ADAPT,FLOW,ASK
8.22789436900095,100.01,1,ORD-1164,ORD-843,FUND_ADAPT,FLOW,ASK
8.301522516175853,100.02,3,ORD-1180,ORD-1179,FLOW,MM,BID
8.301522516175853,100.03,1,ORD-1180,ORD-1171,FLOW,FLOW,BID
8.301522516175853,100.01,2,ORD-1183,ORD-861,FUND_ADAPT,FLOW,ASK
8.301522516175853,100.01,2,ORD-1183,ORD-873,FUND_ADAPT,FLOW,ASK
8.39131053371582,100.03,1,ORD-1184,ORD-1171,FLOW,FLOW,BID
8.39131053371582,100.01,4,ORD-1187,ORD-1081,FUND_ADAPT,FLOW,ASK
8.39436012949517,100.01,4,ORD-1188,ORD-1085,FLOW,FLOW,ASK
8.415869184246562,100.01,2,ORD-1193,ORD-1158,FUND_ADAPT,FLOW,ASK
8.415869184246562,100.01,3,ORD-1193,ORD-1191,FUND_ADAPT,MM,ASK
8.560061234260523,100.02,3,ORD-1219,ORD-1218,FLOW,MM,BID
8.613892885991344,100.02,3,ORD-1228,ORD-1225,FLOW,FLOW,BID
8.613892885991344,100.02,1,ORD-1228,ORD-1227,FLOW,MM,BID
8.613892885991344,100.01,3,ORD-1231,ORD-1229,FUND_ADAPT,MM,ASK
8.74817713856586,100.02,3,ORD-1249,ORD-1248,FLOW,MM,BID
8.74817713856586,100.03,1,ORD-1249,ORD-1171,FLOW,FLOW,BID
8.748310250381161,100.03,1,ORD-1252,ORD-1171,FLOW,FLOW,BID
8.771601651675606,100.01,1,ORD-1255,ORD-1253,FLOW,MM,ASK
8.771601651675606,100.02,3,ORD-1258,ORD-1257,FUND_ADAPT,MM,BID
8.773262692148828,100.0,1,ORD-1259,ORD-590,FLOW,FLOW,ASK
8.93595612852622,100.01,1,ORD-1277,ORD-1275,FLOW,MM,ASK
9.009597323672878,100.03,2,ORD-1293,ORD-1243,FUND_ADAPT,FLOW,BID
9.009597323672878,100.03,2,ORD-1293,ORD-1292,FUND_ADAPT,MM,BID
9.048708926784252,100.03,1,ORD-1294,ORD-1292,FLOW,MM,BID
9.048708926784252,100.04,2,ORD-1297,ORD-1232,FUND_ADAPT,FLOW,BID
9.048708926784252,100.04,1,ORD-1297,ORD-1246,FUND_ADAPT,FLOW,BID
9.048708926784252,100.04,1,ORD-1297,ORD-1296,FUND_ADAPT,MM,BID
9.081987629507115,100.05,2,ORD-1306,ORD-1089,FUND_ADAPT,FLOW,BID
9.081987629507115,100.05,2,ORD-1306,ORD-1151,FUND_ADAPT,FLOW,BID
9.0845913363735,100.05,2,ORD-1307,ORD-1235,FLOW,FLOW,BID
9.0845913363735,100.05,3,ORD-1310,ORD-1235,FUND_ADAPT,FLOW,BID
9.0845913363735,100.05,1,ORD-1310,ORD-1309,FUND_ADAPT,MM,BID
9.093783724384116,100.03,2,ORD-1311,ORD-1308,FLOW,MM,ASK
9.093783724384116,100.05,3,ORD-1314,ORD-1313,FUND_ADAPT,MM,BID
9.107452751793673,100.03,2,ORD-1315,ORD-1312,FLOW,MM,ASK
9.147123778075215,100.06,3,ORD-1321,ORD-1006,FLOW,FLOW,BID
9.178791315732026,100.05,3,ORD-1326,ORD-1324,FLOW,MM,ASK
9.179264327984086,100.06,3,ORD-1329,ORD-1143,FLOW,FLOW,BID
9.21056520977712,100.06,1,ORD-1338,ORD-1143,FLOW,FLOW,BID
9.238775707768763,100.06,1,ORD-1347,ORD-1143,FLOW,FLOW,BID
9.276736394746829,100.06,1,ORD-1353,ORD-1194,FLOW,FLOW,BID
9.358301132834908,100.05,3,ORD-1367,ORD-1365,FLOW,MM,ASK
9.358301132834908,100.04,1,ORD-1367,ORD-1356,FLOW,FLOW,ASK
9.41346196125163,100.04,1,ORD-1375,ORD-1356,FLOW,FLOW,ASK
9.42803561806926,100.06,3,ORD-1378,ORD-1194,FLOW,FLOW,BID
9.451284310054879,100.06,2,ORD-1384,ORD-1194,FLOW,FLOW,BID
9.451284310054879,100.06,4,ORD-1384,ORD-1280,FLOW,FLOW,BID
9.502867055061193,100.06,2,ORD-1387,ORD-1280,FLOW,FLOW,BID
9.514981670390922,100.06,6,ORD-1390,ORD-1288,FLOW,FLOW,BID
9.572055070980241,100.06,2,ORD-1398,ORD-1381,FLOW,FLOW,BID
9.619760673757122,100.04,1,ORD-1403,ORD-1356,FLOW,FLOW,ASK
9.636257981230276,100.06,1,ORD-1406,ORD-1381,FLOW,FLOW,BID
9.636257981230276,100.06,2,ORD-1406,ORD-1405,FLOW,MM,BID
9.636257981230276,100.05,3,ORD-1409,ORD-1407,FUND_ADAPT,MM,ASK
9.761126976050743,100.04,1,ORD-1425,ORD-1362,FUND_ADAPT,FLOW,ASK
9.761126976050743,100.04,3,ORD-1425,ORD-1423,FUND_ADAPT,MM,ASK
9.79223950581569,100.06,2,ORD-1426,ORD-1414,FLOW,FLOW,BID
10.012350568640795,100.03,3,ORD-1448,ORD-1318,FLOW,FLOW,ASK
10.050191371048156,100.03,3,ORD-1457,ORD-1332,FLOW,FLOW,ASK
10.104546689382303,100.04,2,ORD-1468,ORD-1460,FLOW,FLOW,BID
10.196587763534597,100.03,2,ORD-1479,ORD-1332,FLOW,FLOW,ASK
10.196587763534597,100.03,2,ORD-1479,ORD-1335,FLOW,FLOW,ASK
10.24979414940041,100.04,1,ORD-1485,ORD-1460,FLOW,FLOW,BID
10.24979414940041,100.04,4,ORD-1485,ORD-1474,FLOW,FLOW,BID
10.42736990036985,100.04,2,ORD-1509,ORD-1474,FUND_ADAPT,FLOW,BID
10.42736990036985,100.04,2,ORD-1509,ORD-1504,FUND_ADAPT,FLOW,BID
10.44832131866975,100.04,1,ORD-1510,ORD-1504,FLOW,FLOW,BID
10.44832131866975,100.04,2,ORD-1510,ORD-1508,FLOW,MM,BID
10.456906476581906,100.03,3,ORD-1513,ORD-1335,FLOW,FLOW,ASK
10.456906476581906,100.03,3,ORD-1513,ORD-1350,FLOW,FLOW,ASK
10.599034542832213,100.05,4,ORD-1529,ORD-1442,FUND_ADAPT,FLOW,BID
10.608854531548355,100.05,1,ORD-1533,ORD-1442,FUND_ADAPT,FLOW,BID
10.608854531548355,100.05,3,ORD-1533,ORD-1532,FUND_ADAPT,MM,BID
10.67637988566574,100.04,3,ORD-1542,ORD-1540,FLOW,MM,ASK
10.707192055096431,100.05,3,ORD-1548,ORD-1547,FUND_ADAPT,MM,BID
10.751292258503257,100.06,4,ORD-1549,ORD-1437,FLOW,FLOW,BID
10.751292258503257,100.06,1,ORD-1549,ORD-1518,FLOW,FLOW,BID
10.810273517177693,100.04,3,ORD-1557,ORD-1555,FUND_ADAPT,MM,ASK
10.85941964464803,100.05,1,ORD-1566,ORD-1565,FLOW,MM,BID
10.89563516490556,100.03,1,ORD-1569,ORD-1350,FLOW,FLOW,ASK
10.89563516490556,100.03,3,ORD-1569,ORD-1417,FLOW,FLOW,ASK
10.96826013012597,100.05,3,ORD-1581,ORD-1580,FLOW,MM,BID
10.977183945856506,100.06,1,ORD-1584,ORD-1518,FLOW,FLOW,BID
10.977183945856506,100.05,2,ORD-1587,ORD-1581,FUND_ADAPT,FLOW,ASK
10.977183945856506,100.05,2,ORD-1587,ORD-1585,FUND_ADAPT,MM,ASK
11.091733029346887,100.04,1,ORD-1594,ORD-1591,FUND_ADAPT,FLOW,ASK
11.091733029346887,100.04,3,ORD-1594,ORD-1592,FUND_ADAPT,MM,ASK
11.092362633714604,100.06,3,ORD-1595,ORD-1518,FLOW,FLOW,BID
11.110891607794066,100.05,2,ORD-1598,ORD-1597,FLOW,MM,BID
11.32232495569809,100.05,2,ORD-1626,ORD-1604,FLOW,FLOW,BID
11.413133962954253,100.05,2,ORD-1645,ORD-1604,FLOW,FLOW,BID
11.504954122823547,100.03,3,ORD-1651,ORD-1417,FLOW,FLOW,ASK
11.504954122823547,100.03,2,ORD-1651,ORD-1572,FLOW,FLOW,ASK
11.57150225820977,100.05,3,ORD-1657,ORD-1610,FLOW,FLOW,BID
11.667499502600615,100.03,1,ORD-1663,ORD-1575,FLOW,FLOW,ASK
11.727785014924995,100.05,1,ORD-1668,ORD-1610,FLOW,FLOW,BID
11.727785014924995,100.05,1,ORD-1668,ORD-1615,FLOW,FLOW,BID
11.727785014924995,100.05,1,ORD-1668,ORD-1648,FLOW,FLOW,BID
11.746135316088816,100.05,2,ORD-1673,ORD-1648,FLOW,FLOW,BID
11.849747738856427,100.05,2,ORD-1685,ORD-1648,FLOW,FLOW,BID
11.912463801465847,100.05,1,ORD-1694,ORD-1648,FLOW,FLOW,BID
11.912463801465847,100.05,1,ORD-1694,ORD-1654,FLOW,FLOW,BID
11.912463801465847,100.05,1,ORD-1694,ORD-1693,FLOW,MM,BID
11.970356765072816,100.04,3,ORD-1706,ORD-1704,FUND_ADAPT,MM,ASK
12.226276044841333,100.05,3,ORD-1724,ORD-1723,FLOW,MM,BID
12.226276044841333,100.04,3,ORD-1727,ORD-1725,FUND_ADAPT,MM,ASK
12.238545892976367,100.06,4,ORD-1728,ORD-1526,FLOW,FLOW,BID
12.318297842819758,100.05,1,ORD-1736,ORD-1735,FLOW,MM,BID
12.339202136706984,100.03,2,ORD-1739,ORD-1575,FLOW,FLOW,ASK
12.353088633481354,100.05,3,ORD-1742,ORD-1741,FLOW,MM,BID
12.353088633481354,100.06,1,ORD-1742,ORD-1642,FLOW,FLOW,BID
12.375616402936515,100.04,3,ORD-1745,ORD-1743,FLOW,MM,ASK
12.380518399362652,100.03,1,ORD-1751,ORD-1575,FLOW,FLOW,ASK
12.380518399362652,100.03,3,ORD-1751,ORD-1601,FLOW,FLOW,ASK
12.381072935083225,100.04,3,ORD-1756,ORD-1754,FUND_ADAPT,MM,ASK
12.442727296945083,100.04,2,ORD-1772,ORD-1771,FLOW,MM,BID
12.543380291113543,100.04,1,ORD-1791,ORD-1786,FLOW,FLOW,BID
12.587113574932207,100.04,1,ORD-1794,ORD-1786,FLOW,FLOW,BID
12.628246403410893,100.04,3,ORD-1800,ORD-1786,FLOW,FLOW,BID
12.638741786841047,100.04,1,ORD-1803,ORD-1786,FLOW,FLOW,BID
12.638741786841047,100.04,2,ORD-1803,ORD-1802,FLOW,MM,BID
12.727834425717454,100.05,1,ORD-1821,ORD-1769,FLOW,FLOW,BID
12.901063839000841,100.05,2,ORD-1840,ORD-1769,FLOW,FLOW,BID
12.916389225232153,100.05,2,ORD-1843,ORD-1769,FLOW,FLOW,BID
12.954393510607725,100.03,2,ORD-1851,ORD-1601,FLOW,FLOW,ASK
12.954393510607725,100.03,2,ORD-1851,ORD-1607,FLOW,FLOW,ASK
13.146558422975426,100.05,1,ORD-1885,ORD-1769,FLOW,FLOW,BID
13.146558422975426,100.05,2,ORD-1885,ORD-1809,FLOW,FLOW,BID
13.15210767082295,100.03,2,ORD-1888,ORD-1620,FLOW,FLOW,ASK
13.449108233218832,100.03,2,ORD-1917,ORD-1620,FUND_ADAPT,FLOW,ASK
13.449108233218832,100.03,2,ORD-1917,ORD-1731,FUND_ADAPT,FLOW,ASK
13.515069602020517,100.03,2,ORD-1926,ORD-1816,FLOW,FLOW,ASK
13.515069602020517,100.03,1,ORD-1926,ORD-1827,FLOW,FLOW,ASK
13.515069602020517,100.03,1,ORD-1929,ORD-1827,FUND_ADAPT,FLOW,ASK
13.515069602020517,100.03,3,ORD-1929,ORD-1880,FUND_ADAPT,FLOW,ASK
13.680791703241905,100.05,1,ORD-1941,ORD-1809,FLOW,FLOW,BID
13.680791703241905,100.05,2,ORD-1941,ORD-1869,FLOW,FLOW,BID
13.682295165560854,100.03,2,ORD-1947,ORD-1880,FUND_ADAPT,FLOW,ASK
13.682295165560854,100.03,2,ORD-1947,ORD-1891,FUND_ADAPT,FLOW,ASK
13.688331757226116,100.05,3,ORD-1948,ORD-1869,FLOW,FLOW,BID
13.688331757226116,100.03,2,ORD-1951,ORD-1891,FUND_ADAPT,FLOW,ASK
13.688331757226116,100.03,2,ORD-1951,ORD-1918,FUND_ADAPT,FLOW,ASK
13.695123919525368,100.03,3,ORD-1952,ORD-1918,FLOW,FLOW,ASK
13.735934734695496,100.03,4,ORD-1961,ORD-1938,FUND_ADAPT,FLOW,ASK
13.815425035495863,100.02,3,ORD-1975,ORD-1372,FUND_ADAPT,FLOW,ASK
13.815425035495863,100.02,1,ORD-1975,ORD-1471,FUND_ADAPT,FLOW,ASK
13.839595993533349,100.04,3,ORD-1981,ORD-1980,FLOW,MM,BID
13.931358274178749,100.03,3,ORD-1990,ORD-1988,FLOW,MM,ASK
13.990748803538962,100.04,1,ORD-1993,ORD-1992,FLOW,MM,BID
13.991903264425174,100.02,4,ORD-1998,ORD-1471,FUND_ADAPT,FLOW,ASK
14.01645122950334,100.04,3,ORD-1999,ORD-1997,FLOW,MM,BID
14.01645122950334,100.05,1,ORD-1999,ORD-1869,FLOW,FLOW,BID
14.073332224569501,100.03,3,ORD-2004,ORD-2002,FLOW,MM,ASK
14.112720897102987,100.02,1,ORD-2007,ORD-1471,FLOW,FLOW,ASK
14.112720897102987,100.02,1,ORD-2007,ORD-1482,FLOW,FLOW,ASK
14.112720897102987,100.02,4,ORD-2010,ORD-1482,FUND_ADAPT,FLOW,ASK
14.138916833837897,100.02,3,ORD-2014,ORD-1488,FUND_ADAPT,FLOW,ASK
14.138916833837897,100.02,1,ORD-2014,ORD-1493,FUND_ADAPT,FLOW,ASK
14.205445137365034,100.02,4,ORD-2028,ORD-1493,FUND_ADAPT,FLOW,ASK
14.205445137365034,100.02,5,ORD-2028,ORD-1501,FUND_ADAPT,FLOW,ASK
14.205445137365034,100.02,1,ORD-2028,ORD-1523,FUND_ADAPT,FLOW,ASK
14.205445137365034,100.02,2,ORD-2028,ORD-1545,FUND_ADAPT,FLOW,ASK
14.25028456996826,100.04,1,ORD-2029,ORD-2011,FLOW,FLOW,BID
14.25028456996826,100.02,2,ORD-2032,ORD-1545,FUND_ADAPT,FLOW,ASK
14.25028456996826,100.02,2,ORD-2032,ORD-1629,FUND_ADAPT,FLOW,ASK
14.25028456996826,100.02,1,ORD-2032,ORD-1679,FUND_ADAPT,FLOW,ASK
14.25028456996826,100.02,4,ORD-2032,ORD-1682,FUND_ADAPT,FLOW,ASK
14.25028456996826,100.02,1,ORD-2032,ORD-1703,FUND_ADAPT,FLOW,ASK
14.25028456996826,100.02,2,ORD-2032,ORD-1757,FUND_ADAPT,FLOW,ASK
14.296841474871293,100.04,1,ORD-2033,ORD-2011,FLOW,FLOW,BID
14.296841474871293,100.04,2,ORD-2033,ORD-2031,FLOW,MM,BID
14.296841474871293,100.03,3,ORD-2036,ORD-2034,FUND_ADAPT,MM,ASK
14.374675078936221,100.04,3,ORD-2040,ORD-2039,FLOW,MM,BID
14.374675078936221,100.05,1,ORD-2040,ORD-1901,FLOW,FLOW,BID
14.52064055053444,100.05,3,ORD-2052,ORD-1901,FLOW,FLOW,BID
14.524559899364938,100.05,1,ORD-2055,ORD-1901,FLOW,FLOW,BID
14.531865530381735,100.03,4,ORD-2060,ORD-2049,FUND_ADAPT,FLOW,ASK
14.531865530381735,100.03,3,ORD-2060,ORD-2058,FUND_ADAPT,MM,ASK
14.541741410901244,100.02,1,ORD-2064,ORD-1757,FUND_ADAPT,FLOW,ASK
14.541741410901244,100.02,5,ORD-2064,ORD-1763,FUND_ADAPT,FLOW,ASK
14.541741410901244,100.02,6,ORD-2064,ORD-1904,FUND_ADAPT,FLOW,ASK
14.541741410901244,100.02,1,ORD-2064,ORD-1912,FUND_ADAPT,FLOW,ASK
14.541741410901244,100.02,3,ORD-2064,ORD-1958,FUND_ADAPT,FLOW,ASK
14.542788427458122,100.04,3,ORD-2068,ORD-2067,FLOW,MM,BID
14.54552257907511,100.03,3,ORD-2071,ORD-2069,FLOW,MM,ASK
14.54552257907511,100.02,1,ORD-2071,ORD-1958,FLOW,FLOW,ASK
14.54552257907511,100.02,6,ORD-2074,ORD-1976,FUND_ADAPT,FLOW,ASK
14.54552257907511,100.02,3,ORD-2074,ORD-2072,FUND_ADAPT,MM,ASK
14.603762983847867,100.01,2,ORD-2078,ORD-1554,FUND_ADAPT,FLOW,ASK
14.603762983847867,100.01,6,ORD-2078,ORD-1634,FUND_ADAPT,FLOW,ASK
14.603762983847867,100.01,4,ORD-2078,ORD-1637,FUND_ADAPT,FLOW,ASK
14.624860622845013,100.01,6,ORD-2085,ORD-1716,FUND_ADAPT,FLOW,ASK
14.624860622845013,100.01,1,ORD-2085,ORD-1721,FUND_ADAPT,FLOW,ASK
14.624860622845013,100.01,4,ORD-2085,ORD-1824,FUND_ADAPT,FLOW,ASK
14.624860622845013,100.01,1,ORD-2085,ORD-1835,FUND_ADAPT,FLOW,ASK
14.642303701887029,100.03,3,ORD-2089,ORD-2088,FLOW,MM,BID
14.642303701887029,100.04,1,ORD-2089,ORD-2079,FLOW,FLOW,BID
14.686630014267294,100.03,2,ORD-2095,ORD-2092,FLOW,FLOW,BID
14.686630014267294,100.03,3,ORD-2095,ORD-2094,FLOW,MM,BID
14.686630014267294,100.03,1,ORD-2098,ORD-2095,FUND_ADAPT,FLOW,ASK
14.686630014267294,100.03,3,ORD-2098,ORD-2096,FUND_ADAPT,MM,ASK
14.692152320760448,100.01,3,ORD-2102,ORD-1935,FUND_ADAPT,FLOW,ASK
14.692152320760448,100.01,5,ORD-2102,ORD-1944,FUND_ADAPT,FLOW,ASK
14.692152320760448,100.01,3,ORD-2102,ORD-1962,FUND_ADAPT,FLOW,ASK
14.692152320760448,100.01,1,ORD-2102,ORD-1965,FUND_ADAPT,FLOW,ASK
14.786127242434121,100.01,1,ORD-2106,ORD-1965,FLOW,FLOW,ASK
14.786127242434121,100.01,2,ORD-2106,ORD-2046,FLOW,FLOW,ASK
14.786127242434121,100.01,4,ORD-2109,ORD-2046,FUND_ADAPT,FLOW,ASK
14.786127242434121,100.01,2,ORD-2109,ORD-2065,FUND_ADAPT,FLOW,ASK
14.786127242434121,100.01,5,ORD-2109,ORD-2082,FUND_ADAPT,FLOW,ASK
14.786127242434121,100.01,1,ORD-2109,ORD-2107,FUND_ADAPT,MM,ASK
14.798611856835096,100.0,3,ORD-2113,ORD-1111,FUND_ADAPT,FLOW,ASK
14.798611856835096,100.0,1,ORD-2113,ORD-1216,FUND_ADAPT,FLOW,ASK
14.801715192552392,100.0,1,ORD-2116,ORD-1216,FUND_ADAPT,FLOW,ASK
14.801715192552392,100.0,3,ORD-2116,ORD-1271,FUND_ADAPT,FLOW,ASK
14.803417167679912,100.0,4,ORD-2117,ORD-1434,FLOW,FLOW,ASK
14.803417167679912,100.0,4,ORD-2120,ORD-1560,FUND_ADAPT,FLOW,ASK
14.829884307159327,100.0,1,ORD-2124,ORD-1623,FLOW,FLOW,ASK
14.841917570684162,100.02,1,ORD-2130,ORD-2129,FLOW,MM,BID
14.841917570684162,100.0,1,ORD-2133,ORD-1623,FUND_ADAPT,FLOW,ASK
14.841917570684162,100.0,2,ORD-2133,ORD-1676,FUND_ADAPT,FLOW,ASK
14.841917570684162,100.0,1,ORD-2133,ORD-1688,FUND_ADAPT,FLOW,ASK
14.845847422474309,100.0,1,ORD-2136,ORD-1688,FUND_ADAPT,FLOW,ASK
14.845847422474309,100.0,3,ORD-2136,ORD-1830,FUND_ADAPT,FLOW,ASK
14.888512844203124,100.0,1,ORD-2142,ORD-1830,FUND_ADAPT,FLOW,ASK
14.888512844203124,100.0,1,ORD-2142,ORD-1857,FUND_ADAPT,FLOW,ASK
14.888512844203124,100.0,2,ORD-2142,ORD-1860,FUND_ADAPT,FLOW,ASK
14.90080160959228,100.0,4,ORD-2149,ORD-1866,FUND_ADAPT,FLOW,ASK
15.040592452229442,100.0,1,ORD-2162,ORD-1866,FUND_ADAPT,FLOW,ASK
15.040592452229442,100.0,3,ORD-2162,ORD-1872,FUND_ADAPT,FLOW,ASK
15.104225833625895,100.0,3,ORD-2171,ORD-1987,FUND_ADAPT,FLOW,ASK
15.104225833625895,100.0,1,ORD-2171,ORD-2020,FUND_ADAPT,FLOW,ASK
15.10734252386554,100.02,3,ORD-2172,ORD-2170,FLOW,MM,BID
15.10734252386554,100.03,1,ORD-2172,ORD-2110,FLOW,FLOW,BID
15.10734252386554,100.01,3,ORD-2175,ORD-2173,FUND_ADAPT,MM,ASK
15.133380119516627,100.0,1,ORD-2182,ORD-2020,FUND_ADAPT,FLOW,ASK
15.133380119516627,100.0,3,ORD-2182,ORD-2043,FUND_ADAPT,FLOW,ASK
15.13378950697737,100.02,1,ORD-2183,ORD-2181,FLOW,MM,BID
15.13378950697737,100.0,2,ORD-2186,ORD-2043,FUND_ADAPT,FLOW,ASK
15.13378950697737,100.0,2,ORD-2186,ORD-2099,FUND_ADAPT,FLOW,ASK
15.150920018905628,100.0,2,ORD-2190,ORD-2099,FUND_ADAPT,FLOW,ASK
15.150920018905628,100.0,2,ORD-2190,ORD-2137,FUND_ADAPT,FLOW,ASK
15.169848480461978,100.0,4,ORD-2199,ORD-2137,FUND_ADAPT,FLOW,ASK
15.169848480461978,100.0,2,ORD-2199,ORD-2143,FUND_ADAPT,FLOW,ASK
15.169848480461978,100.0,2,ORD-2199,ORD-2146,FUND_ADAPT,FLOW,ASK
15.18257887634858,100.0,1,ORD-2206,ORD-2146,FUND_ADAPT,FLOW,ASK
15.18257887634858,100.0,1,ORD-2206,ORD-2168,FUND_ADAPT,FLOW,ASK
15.18257887634858,100.0,2,ORD-2206,ORD-2200,FUND_ADAPT,FLOW,ASK
15.18257887634858,100.0,3,ORD-2206,ORD-2204,FUND_ADAPT,MM,ASK
15.298528894867257,99.99,4,ORD-2218,ORD-612,FUND_ADAPT,FLOW,ASK
15.302006041608964,99.99,4,ORD-2221,ORD-1161,FUND_ADAPT,FLOW,ASK
15.303819412379644,99.99,2,ORD-2225,ORD-1161,FUND_ADAPT,FLOW,ASK
15.303819412379644,99.99,1,ORD-2225,ORD-1165,FUND_ADAPT,FLOW,ASK
15.303819412379644,99.99,1,ORD-2225,ORD-1200,FUND_ADAPT,FLOW,ASK
15.359094311990809,99.99,3,ORD-2226,ORD-1200,FLOW,FLOW,ASK
15.361301924645913,99.99,2,ORD-2232,ORD-1200,FUND_ADAPT,FLOW,ASK
15.361301924645913,99.99,2,ORD-2232,ORD-1222,FUND_ADAPT,FLOW,ASK
15.382476288619166,99.99,1,ORD-2235,ORD-1222,FUND_ADAPT,FLOW,ASK
15.382476288619166,99.99,3,ORD-2235,ORD-1283,FUND_ADAPT,FLOW,ASK
15.38681515363887,99.99,1,ORD-2238,ORD-1283,FUND_ADAPT,FLOW,ASK
15.38681515363887,99.99,1,ORD-2238,ORD-1777,FUND_ADAPT,FLOW,ASK
15.38681515363887,99.99,1,ORD-2238,ORD-2037,FUND_ADAPT,FLOW,ASK
15.38681515363887,99.99,3,ORD-2238,ORD-2153,FUND_ADAPT,FLOW,ASK
15.38681515363887,99.99,2,ORD-2238,ORD-2187,FUND_ADAPT,FLOW,ASK
15.438913464681264,99.99,1,ORD-2242,ORD-2187,FUND_ADAPT,FLOW,ASK
15.547429314696425,99.98,4,ORD-2245,ORD-1129,FLOW,FLOW,ASK
15.547429314696425,99.98,1,ORD-2248,ORD-1129,FUND_ADAPT,FLOW,ASK
15.547429314696425,99.98,1,ORD-2248,ORD-1154,FUND_ADAPT,FLOW,ASK
15.547429314696425,99.98,4,ORD-2248,ORD-2075,FUND_ADAPT,FLOW,ASK
15.547429314696425,99.98,2,ORD-2248,ORD-2103,FUND_ADAPT,FLOW,ASK
15.63506385737567,99.98,2,ORD-2257,ORD-2176,FUND_ADAPT,FLOW,ASK
15.63506385737567,99.98,6,ORD-2257,ORD-2222,FUND_ADAPT,FLOW,ASK
15.63506385737567,99.98,4,ORD-2257,ORD-2229,FUND_ADAPT,FLOW,ASK
15.691939445611553,99.98,1,ORD-2263,ORD-2229,FUND_ADAPT,FLOW,ASK
15.691939445611553,99.98,4,ORD-2263,ORD-2239,FUND_ADAPT,FLOW,ASK
15.691939445611553,99.98,3,ORD-2263,ORD-2261,FUND_ADAPT,MM,ASK
15.69645297358472,99.98,6,ORD-2267,ORD-2264,FUND_ADAPT,FLOW,ASK
15.719948044300514,99.97,2,ORD-2268,ORD-2127,FLOW,FLOW,ASK
15.738480097801704,99.97,4,ORD-2274,ORD-2127,FUND_ADAPT,FLOW,ASK
15.922559236121264,99.99,1,ORD-2278,ORD-2277,FLOW,MM,BID
15.96713369052532,99.97,1,ORD-2284,ORD-2156,FUND_ADAPT,FLOW,ASK
15.96713369052532,99.97,2,ORD-2284,ORD-2251,FUND_ADAPT,FLOW,ASK
15.96713369052532,99.97,1,ORD-2284,ORD-2271,FUND_ADAPT,FLOW,ASK
15.967547220621102,99.97,4,ORD-2288,ORD-2271,FUND_ADAPT,FLOW,ASK
15.991159042587528,99.97,2,ORD-2289,ORD-2286,FLOW,MM,ASK
16.00745971176211,99.98,3,ORD-2295,ORD-2294,FLOW,MM,BID
16.00745971176211,100.01,1,ORD-2295,ORD-2212,FLOW,FLOW,BID
16.046456423074986,99.99,2,ORD-2298,ORD-2297,FLOW,MM,BID
16.060236110536426,99.98,3,ORD-2305,ORD-2303,FUND_ADAPT,MM,ASK
16.148244730699133,99.98,3,ORD-2312,ORD-2310,FUND_ADAPT,MM,ASK
16.15205729081411,100.0,1,ORD-2313,ORD-2311,FLOW,MM,BID
16.181703610296964,99.99,1,ORD-2319,ORD-2318,FLOW,MM,BID
16.1831005764654,99.99,2,ORD-2322,ORD-2321,FLOW,MM,BID
16.2218368360145,99.97,1,ORD-2334,ORD-2306,FUND_ADAPT,FLOW,ASK
16.2218368360145,99.97,2,ORD-2334,ORD-2316,FUND_ADAPT,FLOW,ASK
16.2218368360145,99.97,1,ORD-2334,ORD-2332,FUND_ADAPT,MM,ASK
16.242302503750764,99.96,1,ORD-2338,ORD-364,FUND_ADAPT,FLOW,ASK
16.242302503750764,99.96,1,ORD-2338,ORD-2207,FUND_ADAPT,FLOW,ASK
16.242302503750764,99.96,1,ORD-2338,ORD-2260,FUND_ADAPT,FLOW,ASK
16.242302503750764,99.96,1,ORD-2338,ORD-2275,FUND_ADAPT,FLOW,ASK
16.249088482833933,99.96,3,ORD-2342,ORD-2275,FUND_ADAPT,FLOW,ASK
16.249088482833933,99.96,1,ORD-2342,ORD-2281,FUND_ADAPT,FLOW,ASK
16.25393867339053,99.98,1,ORD-2343,ORD-2341,FLOW,MM,BID
16.25393867339053,99.96,4,ORD-2346,ORD-2281,FUND_ADAPT,FLOW,ASK
16.278789230814994,99.96,2,ORD-2349,ORD-2309,FUND_ADAPT,FLOW,ASK
16.278789230814994,99.96,2,ORD-2349,ORD-2331,FUND_ADAPT,FLOW,ASK
16.300332590065054,99.96,3,ORD-2353,ORD-2331,FUND_ADAPT,FLOW,ASK
16.300332590065054,99.96,1,ORD-2353,ORD-2351,FUND_ADAPT,MM,ASK
16.326574492486234,99.96,1,ORD-2354,ORD-2351,FLOW,MM,ASK
16.39202424748209,99.96,1,ORD-2366,ORD-2365,FLOW,MM,BID
16.441952553302887,99.96,3,ORD-2371,ORD-2370,FLOW,MM,BID
16.441952553302887,99.97,1,ORD-2371,ORD-2360,FLOW,FLOW,BID
16.67803823944649,99.97,2,ORD-2380,ORD-2360,FLOW,FLOW,BID
16.84255199747015,99.95,1,ORD-2400,ORD-2285,FLOW,FLOW,ASK
17.056795567388363,99.97,1,ORD-2424,ORD-2374,FLOW,FLOW,BID
17.073308657748687,99.97,2,ORD-2427,ORD-2426,FLOW,MM,BID
17.084197353857892,99.96,2,ORD-2430,ORD-2428,FLOW,MM,ASK
17.086801676093035,99.97,3,ORD-2433,ORD-2432,FLOW,MM,BID
17.1780459906632,99.97,1,ORD-2449,ORD-2433,FUND_ADAPT,FLOW,ASK
17.1780459906632,99.97,3,ORD-2449,ORD-2447,FUND_ADAPT,MM,ASK
17.187165449427024,99.96,1,ORD-2453,ORD-2436,FUND_ADAPT,FLOW,ASK
17.187165449427024,99.96,3,ORD-2453,ORD-2444,FUND_ADAPT,FLOW,ASK
17.23751049492924,99.96,1,ORD-2454,ORD-2444,FLOW,FLOW,ASK
17.247198165117265,99.95,2,ORD-2457,ORD-2285,FLOW,FLOW,ASK
17.30821283893219,99.95,2,ORD-2472,ORD-2350,FLOW,FLOW,ASK
17.323855742888327,99.95,2,ORD-2478,ORD-2350,FLOW,FLOW,ASK
17.376467580347878,99.97,1,ORD-2491,ORD-2490,FLOW,MM,BID
17.524472184510252,99.95,1,ORD-2513,ORD-2350,FLOW,FLOW,ASK
17.524472184510252,99.95,3,ORD-2513,ORD-2460,FLOW,FLOW,ASK
17.540701629876207,99.97,2,ORD-2516,ORD-2494,FLOW,FLOW,BID
17.587436618665354,99.97,1,ORD-2522,ORD-2494,FLOW,FLOW,BID
17.587436618665354,99.97,3,ORD-2522,ORD-2521,FLOW,MM,BID
17.69848752141204,99.98,4,ORD-2534,ORD-2408,FLOW,FLOW,BID
17.702474605610615,99.97,2,ORD-2539,ORD-2522,FUND_ADAPT,FLOW,ASK
17.702474605610615,99.97,2,ORD-2539,ORD-2537,FUND_ADAPT,MM,ASK
17.70845896022378,99.96,3,ORD-2542,ORD-2540,FUND_ADAPT,MM,ASK
17.86421511117485,99.95,2,ORD-2562,ORD-2466,FLOW,FLOW,ASK
17.86421511117485,99.95,1,ORD-2562,ORD-2507,FLOW,FLOW,ASK
17.86421511117485,99.94,1,ORD-2562,ORD-2328,FLOW,FLOW,ASK
17.896648844964027,99.96,3,ORD-2576,ORD-2575,FUND_ADAPT,MM,BID
17.92297498514818,99.94,2,ORD-2579,ORD-2328,FLOW,FLOW,ASK
17.9950025415573,99.94,2,ORD-2587,ORD-2328,FLOW,FLOW,ASK
18.007460108355044,99.96,3,ORD-2595,ORD-2594,FLOW,MM,BID
18.007460108355044,99.97,1,ORD-2595,ORD-2545,FLOW,FLOW,BID
18.007460108355044,99.95,3,ORD-2598,ORD-2596,FUND_ADAPT,MM,ASK
18.040389155339213,99.97,1,ORD-2599,ORD-2573,FLOW,FLOW,BID
18.040389155339213,99.97,3,ORD-2599,ORD-2597,FLOW,MM,BID
18.040389155339213,99.96,3,ORD-2602,ORD-2600,FUND_ADAPT,MM,ASK
18.139824053294138,99.98,2,ORD-2603,ORD-2408,FLOW,FLOW,BID
18.139824053294138,99.98,1,ORD-2603,ORD-2414,FLOW,FLOW,BID
18.192122036524857,99.95,3,ORD-2608,ORD-2606,FUND_ADAPT,MM,ASK
18.287219088042697,99.96,3,ORD-2612,ORD-2611,FLOW,MM,BID
18.396818074612188,99.95,3,ORD-2622,ORD-2620,FLOW,MM,ASK
18.477030755865787,99.95,2,ORD-2628,ORD-2622,FLOW,FLOW,BID
18.477030755865787,99.95,3,ORD-2628,ORD-2627,FLOW,MM,BID
18.477111712942637,99.95,3,ORD-2634,ORD-2632,FUND_ADAPT,MM,ASK
18.519963920446255,99.96,3,ORD-2637,ORD-2636,FLOW,MM,BID
18.519963920446255,99.98,1,ORD-2637,ORD-2414,FLOW,FLOW,BID
18.520325597497965,99.95,3,ORD-2640,ORD-2638,FLOW,MM,ASK
18.520325597497965,99.94,1,ORD-2640,ORD-2328,FLOW,FLOW,ASK
18.53149560114043,99.94,2,ORD-2643,ORD-2357,FLOW,FLOW,ASK
18.537723824224084,99.96,2,ORD-2646,ORD-2645,FLOW,MM,BID
18.670408093683353,99.94,1,ORD-2652,ORD-2357,FLOW,FLOW,ASK
18.682964263697347,99.96,3,ORD-2657,ORD-2656,FLOW,MM,BID
18.682964263697347,99.97,1,ORD-2657,ORD-2649,FLOW,FLOW,BID
18.68899045546203,99.95,3,ORD-2663,ORD-2661,FUND_ADAPT,MM,ASK
18.69084100972183,99.94,3,ORD-2664,ORD-2363,FLOW,FLOW,ASK
18.725019479402814,99.96,3,ORD-2667,ORD-2666,FLOW,MM,BID
18.725019479402814,99.97,1,ORD-2667,ORD-2649,FLOW,FLOW,BID
18.725019479402814,99.95,3,ORD-2670,ORD-2668,FUND_ADAPT,MM,ASK
18.993809333736102,99.96,3,ORD-2706,ORD-2677,FLOW,FLOW,BID
18.997205478331413,99.96,2,ORD-2709,ORD-2677,FLOW,FLOW,BID
18.997205478331413,99.96,2,ORD-2709,ORD-2708,FLOW,MM,BID
18.997205478331413,99.95,3,ORD-2712,ORD-2710,FUND_ADAPT,MM,ASK
19.03575390455374,99.94,2,ORD-2713,ORD-2363,FLOW,FLOW,ASK
19.03575390455374,99.94,1,ORD-2713,ORD-2383,FLOW,FLOW,ASK
19.441539609408267,99.96,3,ORD-2769,ORD-2768,FLOW,MM,BID
19.471082304313097,99.97,2,ORD-2774,ORD-2649,FLOW,FLOW,BID
19.471082304313097,99.97,1,ORD-2774,ORD-2731,FLOW,FLOW,BID
19.471082304313097,99.97,3,ORD-2774,ORD-2773,FLOW,MM,BID
19.49968995513432,99.98,1,ORD-2777,ORD-2450,FLOW,FLOW,BID
19.49968995513432,99.98,1,ORD-2777,ORD-2469,FLOW,FLOW,BID
19.49968995513432,99.96,3,ORD-2780,ORD-2778,FUND_ADAPT,MM,ASK
19.52626878480219,99.97,2,ORD-2783,ORD-2782,FLOW,MM,BID
19.52626878480219,99.96,3,ORD-2786,ORD-2784,FUND_ADAPT,MM,ASK
19.735175054265632,99.97,2,ORD-2801,ORD-2800,FLOW,MM,BID
19.910393734438305,99.97,3,ORD-2813,ORD-2812,FLOW,MM,BID
19.959983554059704,99.96,3,ORD-2816,ORD-2814,FLOW,MM,ASK
20.03752939697904,99.98,2,ORD-2822,ORD-2469,FLOW,FLOW,BID
20.03752939697904,99.96,3,ORD-2825,ORD-2823,FUND_ADAPT,MM,ASK
20.061281964234468,99.96,4,ORD-2829,ORD-2826,FUND_ADAPT,FLOW,ASK
20.07436439527228,99.98,2,ORD-2830,ORD-2700,FLOW,FLOW,BID
20.091247587253697,99.97,1,ORD-2836,ORD-2835,FLOW,MM,BID
20.09289202820929,99.98,3,ORD-2839,ORD-2719,FLOW,FLOW,BID
20.11449771882957,99.96,3,ORD-2845,ORD-2843,FUND_ADAPT,MM,ASK
20.18970751130437,99.97,3,ORD-2849,ORD-2848,FLOW,MM,BID
20.214729740963755,99.96,3,ORD-2855,ORD-2853,FUND_ADAPT,MM,ASK
20.30537443164216,99.95,1,ORD-2856,ORD-2819,FLOW,FLOW,ASK
20.30537443164216,99.95,1,ORD-2856,ORD-2842,FLOW,FLOW,ASK
20.30537443164216,99.94,2,ORD-2856,ORD-2383,FLOW,FLOW,ASK
20.308035377271587,99.95,3,ORD-2862,ORD-2861,FUND_ADAPT,MM,BID
20.313105514522377,99.96,2,ORD-2866,ORD-2859,FUND_ADAPT,FLOW,BID
20.313105514522377,99.96,2,ORD-2866,ORD-2865,FUND_ADAPT,MM,BID
20.368972245018643,99.97,3,ORD-2876,ORD-2875,FLOW,MM,BID
20.368972245018643,99.97,3,ORD-2879,ORD-2876,FUND_ADAPT,FLOW,ASK
20.368972245018643,99.97,1,ORD-2879,ORD-2877,FUND_ADAPT,MM,ASK
20.387712895456012,99.97,3,ORD-2886,ORD-2884,FUND_ADAPT,MM,ASK
20.39321258198177,99.98,2,ORD-2887,ORD-2719,FLOW,FLOW,BID
20.39321258198177,99.98,2,ORD-2887,ORD-2736,FLOW,FLOW,BID
20.39321258198177,99.96,1,ORD-2890,ORD-2880,FUND_ADAPT,FLOW,ASK
20.39321258198177,99.96,2,ORD-2890,ORD-2883,FUND_ADAPT,FLOW,ASK
20.39321258198177,99.96,1,ORD-2890,ORD-2888,FUND_ADAPT,MM,ASK
20.39389574491481,99.96,2,ORD-2891,ORD-2888,FLOW,MM,ASK
20.39389574491481,99.94,2,ORD-2891,ORD-2383,FLOW,FLOW,ASK
20.411814765575162,99.95,1,ORD-2894,ORD-2892,FLOW,MM,ASK
20.411814765575162,99.96,3,ORD-2897,ORD-2896,FUND_ADAPT,MM,BID
20.468886585409784,99.97,1,ORD-2901,ORD-2898,FLOW,FLOW,ASK
20.468886585409784,99.96,3,ORD-2901,ORD-2899,FLOW,MM,ASK
20.501857938059725,99.96,2,ORD-2904,ORD-2903,FLOW,MM,BID
20.553515770983264,99.97,3,ORD-2912,ORD-2911,FLOW,MM,BID
20.562330619074707,99.97,2,ORD-2917,ORD-2916,FLOW,MM,BID
20.603048749150503,99.96,3,ORD-2928,ORD-2926,FUND_ADAPT,MM,ASK
20.663964965940814,99.95,1,ORD-2929,ORD-2923,FLOW,FLOW,ASK
20.663964965940814,99.94,1,ORD-2929,ORD-2386,FLOW,FLOW,ASK
20.78093912474286,99.95,2,ORD-2937,ORD-2935,FLOW,MM,ASK
20.799673880575916,99.97,3,ORD-2940,ORD-2939,FLOW,MM,BID
20.820845233261068,99.97,1,ORD-2948,ORD-2940,FUND_ADAPT,FLOW,ASK
20.820845233261068,99.97,3,ORD-2948,ORD-2946,FUND_ADAPT,MM,ASK
21.047876917813305,99.97,3,ORD-2970,ORD-2969,FLOW,MM,BID
21.047876917813305,99.98,1,ORD-2970,ORD-2736,FLOW,FLOW,BID
21.094021296479823,99.98,2,ORD-2976,ORD-2736,FLOW,FLOW,BID
21.094021296479823,99.98,1,ORD-2976,ORD-2739,FLOW,FLOW,BID
21.094021296479823,99.96,3,ORD-2979,ORD-2977,FUND_ADAPT,MM,ASK
21.137380520554444,99.97,2,ORD-2985,ORD-2984,FLOW,MM,BID
21.240953601995997,99.98,3,ORD-2988,ORD-2739,FLOW,FLOW,BID
21.240953601995997,99.98,1,ORD-2988,ORD-2873,FLOW,FLOW,BID
21.240953601995997,99.96,3,ORD-2991,ORD-2989,FUND_ADAPT,MM,ASK
21.32359939334798,99.95,3,ORD-3005,ORD-2949,FLOW,FLOW,ASK
21.341244247369822,99.97,3,ORD-3008,ORD-3007,FLOW,MM,BID
21.341244247369822,99.97,1,ORD-3011,ORD-3008,FUND_ADAPT,FLOW,ASK
21.341244247369822,99.97,3,ORD-3011,ORD-3009,FUND_ADAPT,MM,ASK
21.42849608799514,99.97,1,ORD-3017,ORD-3016,FLOW,MM,BID
21.4534541591624,99.97,2,ORD-3020,ORD-3019,FLOW,MM,BID
21.4534541591624,99.96,3,ORD-3023,ORD-3021,FUND_ADAPT,MM,ASK
21.454591292105633,99.95,1,ORD-3024,ORD-2982,FLOW,FLOW,ASK
21.454591292105633,99.94,2,ORD-3024,ORD-2386,FLOW,FLOW,ASK
21.47540492086834,99.97,3,ORD-3032,ORD-3031,FLOW,MM,BID
21.481772755382778,99.98,3,ORD-3035,ORD-2873,FLOW,FLOW,BID
21.4824576938687,99.98,1,ORD-3038,ORD-2873,FLOW,FLOW,BID
21.4824576938687,99.96,3,ORD-3041,ORD-3039,FUND_ADAPT,MM,ASK
21.50235089844269,99.95,4,ORD-3047,ORD-3029,FUND_ADAPT,FLOW,ASK
21.50720173323046,99.95,3,ORD-3054,ORD-3052,FUND_ADAPT,MM,ASK
21.56224918252439,99.96,3,ORD-3061,ORD-3060,FLOW,MM,BID
21.565490820684484,99.95,3,ORD-3066,ORD-3064,FUND_ADAPT,MM,ASK
21.57437453134782,99.96,3,ORD-3069,ORD-3068,FLOW,MM,BID
21.57437453134782,99.98,1,ORD-3069,ORD-2920,FLOW,FLOW,BID
21.583902276233523,99.95,3,ORD-3074,ORD-3072,FUND_ADAPT,MM,ASK
21.59379994344669,99.94,1,ORD-3075,ORD-2386,FLOW,FLOW,ASK
21.59379994344669,99.94,2,ORD-3075,ORD-2475,FLOW,FLOW,ASK
21.670407247862023,99.96,1,ORD-3083,ORD-3082,FLOW,MM,BID
21.908635999833894,99.94,2,ORD-3118,ORD-2475,FLOW,FLOW,ASK
21.949369046821364,99.95,3,ORD-3129,ORD-3128,FLOW,MM,BID
21.949369046821364,99.96,1,ORD-3129,ORD-3086,FLOW,FLOW,BID
21.961671541268192,99.96,3,ORD-3132,ORD-3086,FLOW,FLOW,BID
21.961671541268192,99.96,1,ORD-3132,ORD-3097,FLOW,FLOW,BID
22.011977398895084,99.96,1,ORD-3146,ORD-3097,FLOW,FLOW,BID
22.011977398895084,99.96,3,ORD-3146,ORD-3105,FLOW,FLOW,BID
22.011977398895084,99.96,1,ORD-3146,ORD-3115,FLOW,FLOW,BID
22.090738931101153,99.96,1,ORD-3156,ORD-3115,FLOW,FLOW,BID
22.105565918771045,99.96,3,ORD-3159,ORD-3115,FLOW,FLOW,BID
22.105565918771045,99.96,3,ORD-3159,ORD-3158,FLOW,MM,BID
22.11525130409235,99.95,3,ORD-3165,ORD-3163,FUND_ADAPT,MM,ASK
22.128724801130318,99.95,3,ORD-3169,ORD-3167,FUND_ADAPT,MM,ASK
22.161077779120447,99.94,1,ORD-3172,ORD-2525,FUND_ADAPT,FLOW,ASK
22.161077779120447,99.94,3,ORD-3172,ORD-2548,FUND_ADAPT,FLOW,ASK
22.174086831520633,99.96,3,ORD-3173,ORD-3171,FLOW,MM,BID
22.174086831520633,99.95,3,ORD-3176,ORD-3174,FUND_ADAPT,MM,ASK
22.20488175376107,99.94,2,ORD-3181,ORD-2590,FUND_ADAPT,FLOW,ASK
22.20488175376107,99.94,2,ORD-3181,ORD-2683,FUND_ADAPT,FLOW,ASK
22.22165822780768,99.96,3,ORD-3182,ORD-3180,FLOW,MM,BID
22.22165822780768,99.95,3,ORD-3185,ORD-3183,FUND_ADAPT,MM,ASK
22.232234941459083,99.94,4,ORD-3190,ORD-2683,FUND_ADAPT,FLOW,ASK
22.266738240981308,99.94,4,ORD-3200,ORD-2686,FUND_ADAPT,FLOW,ASK
22.267040428968553,99.96,1,ORD-3201,ORD-3199,FLOW,MM,BID
22.287156720595963,99.94,2,ORD-3210,ORD-2686,FUND_ADAPT,FLOW,ASK
22.287156720595963,99.94,2,ORD-3210,ORD-2745,FUND_ADAPT,FLOW,ASK
22.28743881356963,99.96,1,ORD-3211,ORD-3209,FLOW,MM,BID
22.33132747810296,99.95,3,ORD-3217,ORD-3215,FUND_ADAPT,MM,ASK
22.398127425533026,99.94,1,ORD-3225,ORD-2745,FUND_ADAPT,FLOW,ASK
22.398127425533026,99.94,5,ORD-3225,ORD-2748,FUND_ADAPT,FLOW,ASK
22.398127425533026,99.94,2,ORD-3225,ORD-2787,FUND_ADAPT,FLOW,ASK
22.410362149535995,99.96,3,ORD-3226,ORD-3224,FLOW,MM,BID
22.442276865062244,99.95,3,ORD-3231,ORD-3229,FUND_ADAPT,MM,ASK
22.446190796229633,99.96,3,ORD-3235,ORD-3232,FUND_ADAPT,FLOW,ASK
22.54482125485761,99.94,5,ORD-3244,ORD-2833,FUND_ADAPT,FLOW,ASK
22.54482125485761,99.94,1,ORD-3244,ORD-2846,FUND_ADAPT,FLOW,ASK
22.54482125485761,99.94,2,ORD-3244,ORD-2852,FUND_ADAPT,FLOW,ASK
22.546031498093342,99.94,3,ORD-3248,ORD-2852,FUND_ADAPT,FLOW,ASK
22.546031498093342,99.94,4,ORD-3248,ORD-2967,FUND_ADAPT,FLOW,ASK
22.546031498093342,99.94,1,ORD-3248,ORD-2997,FUND_ADAPT,FLOW,ASK
22.560397350726006,99.94,5,ORD-3252,ORD-3191,FUND_ADAPT,FLOW,ASK
22.560397350726006,99.94,3,ORD-3252,ORD-3194,FUND_ADAPT,FLOW,ASK
22.56933591942442,99.94,1,ORD-3256,ORD-3194,FUND_ADAPT,FLOW,ASK
22.56933591942442,99.94,2,ORD-3256,ORD-3197,FUND_ADAPT,FLOW,ASK
22.56933591942442,99.94,2,ORD-3256,ORD-3218,FUND_ADAPT,FLOW,ASK
22.56933591942442,99.94,1,ORD-3256,ORD-3241,FUND_ADAPT,FLOW,ASK
22.56933591942442,99.94,2,ORD-3256,ORD-3254,FUND_ADAPT,MM,ASK
22.595813861413387,99.96,3,ORD-3257,ORD-3255,FLOW,MM,BID
22.595813861413387,99.98,1,ORD-3257,ORD-2920,FLOW,FLOW,BID
22.677288550770374,99.96,1,ORD-3272,ORD-3271,FLOW,MM,BID
22.69089012410121,99.96,2,ORD-3278,ORD-3277,FLOW,MM,BID
22.692703171123313,99.97,2,ORD-3281,ORD-3280,FLOW,MM,BID
22.693234123399563,99.95,3,ORD-3284,ORD-3282,FLOW,MM,ASK
22.693234123399563,99.94,1,ORD-3284,ORD-3265,FLOW,FLOW,ASK
22.693234123399563,99.95,3,ORD-3287,ORD-3285,FUND_ADAPT,MM,ASK
22.79259128566861,99.96,2,ORD-3290,ORD-3289,FLOW,MM,BID
22.84585231848999,99.96,1,ORD-3299,ORD-3298,FLOW,MM,BID
22.84585231848999,99.95,3,ORD-3302,ORD-3300,FUND_ADAPT,MM,ASK
22.85253874625526,99.94,4,ORD-3305,ORD-3265,FUND_ADAPT,FLOW,ASK
22.932125797837315,99.94,1,ORD-3314,ORD-3265,FUND_ADAPT,FLOW,ASK
22.932125797837315,99.94,3,ORD-3314,ORD-3312,FUND_ADAPT,MM,ASK
23.036558654624773,99.95,3,ORD-3318,ORD-3317,FLOW,MM,BID
23.036558654624773,99.98,1,ORD-3318,ORD-2920,FLOW,FLOW,BID
23.0706941122083,99.94,3,ORD-3324,ORD-3322,FUND_ADAPT,MM,ASK
23.072971959032305,99.93,1,ORD-3325,ORD-2660,FLOW,FLOW,ASK
23.107849137540676,99.95,3,ORD-3335,ORD-3334,FLOW,MM,BID
23.107849137540676,99.98,1,ORD-3335,ORD-2920,FLOW,FLOW,BID
23.215375976626337,99.94,4,ORD-3344,ORD-3341,FUND_ADAPT,FLOW,ASK
23.263873184340106,99.94,2,ORD-3348,ORD-3341,FUND_ADAPT,FLOW,ASK
23.263873184340106,99.94,2,ORD-3348,ORD-3346,FUND_ADAPT,MM,ASK
23.28003965393965,99.94,1,ORD-3349,ORD-3346,FLOW,MM,ASK
23.297497762223443,99.94,1,ORD-3352,ORD-3349,FLOW,FLOW,BID
23.38706507751292,99.95,3,ORD-3367,ORD-3366,FLOW,MM,BID
23.40288887263542,99.95,1,ORD-3373,ORD-3367,FUND_ADAPT,FLOW,ASK
23.428544791711907,99.95,1,ORD-3377,ORD-3376,FLOW,MM,BID
23.428544791711907,99.94,3,ORD-3380,ORD-3370,FUND_ADAPT,FLOW,ASK
23.465634905950935,99.93,1,ORD-3381,ORD-2660,FLOW,FLOW,ASK
23.53035220012649,99.95,3,ORD-3391,ORD-3390,FLOW,MM,BID
23.53035220012649,99.95,2,ORD-3394,ORD-3391,FUND_ADAPT,FLOW,ASK
23.68667948966412,99.95,3,ORD-3404,ORD-3403,FLOW,MM,BID
23.69027489627379,99.96,1,ORD-3410,ORD-3374,FLOW,FLOW,BID
23.69027489627379,99.96,3,ORD-3410,ORD-3388,FLOW,FLOW,BID
23.69138744788803,99.95,3,ORD-3416,ORD-3404,FUND_ADAPT,FLOW,ASK
23.69138744788803,99.95,3,ORD-3416,ORD-3414,FUND_ADAPT,MM,ASK
23.707891887152364,99.96,1,ORD-3417,ORD-3395,FLOW,FLOW,BID
23.742532343267282,99.95,3,ORD-3422,ORD-3421,FLOW,MM,BID
23.742532343267282,99.96,1,ORD-3422,ORD-3395,FLOW,FLOW,BID
23.804486859536393,99.94,3,ORD-3428,ORD-3426,FUND_ADAPT,MM,ASK
23.83080572647978,99.93,1,ORD-3432,ORD-2660,FLOW,FLOW,ASK
23.918200193910923,99.95,1,ORD-3440,ORD-3437,FLOW,FLOW,BID
23.918660444910508,99.95,1,ORD-3443,ORD-3437,FLOW,FLOW,BID
23.960754188538974,99.95,3,ORD-3451,ORD-3450,FLOW,MM,BID
23.99033254300422,99.95,3,ORD-3457,ORD-3451,FUND_ADAPT,FLOW,ASK
23.99033254300422,99.95,1,ORD-3457,ORD-3455,FUND_ADAPT,MM,ASK
24.061993853109268,99.96,1,ORD-3461,ORD-3395,FLOW,FLOW,BID
24.111020663245057,99.96,3,ORD-3473,ORD-3395,FLOW,FLOW,BID
24.16451674219074,99.94,1,ORD-3489,ORD-3464,FLOW,FLOW,ASK
24.16451674219074,99.94,2,ORD-3489,ORD-3483,FLOW,FLOW,ASK
24.212576507851423,99.96,3,ORD-3494,ORD-3454,FLOW,FLOW,BID
24.21908811060471,99.96,2,ORD-3497,ORD-3480,FLOW,FLOW,BID
24.347226996211052,99.96,1,ORD-3511,ORD-3480,FLOW,FLOW,BID
24.347226996211052,99.96,1,ORD-3511,ORD-3510,FLOW,MM,BID
24.347226996211052,99.95,3,ORD-3514,ORD-3512,FUND_ADAPT,MM,ASK
24.428001789587448,99.97,1,ORD-3515,ORD-3513,FLOW,MM,BID
24.428001789587448,99.95,3,ORD-3518,ORD-3516,FUND_ADAPT,MM,ASK
24.463386331178068,99.97,3,ORD-3519,ORD-3517,FLOW,MM,BID
24.463386331178068,99.98,1,ORD-3519,ORD-3012,FLOW,FLOW,BID
24.48557486446437,99.96,3,ORD-3527,ORD-3525,FUND_ADAPT,MM,ASK
24.79410315159367,99.95,3,ORD-3567,ORD-3524,FLOW,FLOW,ASK
24.837232758518773,99.94,3,ORD-3573,ORD-3483,FLOW,FLOW,ASK
24.837232758518773,99.94,1,ORD-3573,ORD-3539,FLOW,FLOW,ASK
25.008198067410728,99.95,3,ORD-3597,ORD-3596,FLOW,MM,BID
25.008198067410728,99.96,1,ORD-3597,ORD-3536,FLOW,FLOW,BID
25.05860105275181,99.94,1,ORD-3600,ORD-3539,FLOW,FLOW,ASK
25.066635047291292,99.96,2,ORD-3606,ORD-3536,FLOW,FLOW,BID
25.091681118224102,99.96,3,ORD-3612,ORD-3536,FLOW,FLOW,BID
25.091681118224102,99.96,1,ORD-3612,ORD-3558,FLOW,FLOW,BID
25.17541107250265,99.96,1,ORD-3625,ORD-3576,FLOW,FLOW,BID
25.17541107250265,99.96,2,ORD-3625,ORD-3624,FLOW,MM,BID
25.17541107250265,99.95,3,ORD-3628,ORD-3626,FUND_ADAPT,MM,ASK
25.24355315035843,99.96,2,ORD-3634,ORD-3629,FLOW,FLOW,BID
25.24355315035843,99.96,1,ORD-3634,ORD-3633,FLOW,MM,BID
25.30885382759467,99.96,3,ORD-3645,ORD-3644,FLOW,MM,BID
25.30885382759467,99.97,1,ORD-3645,ORD-3533,FLOW,FLOW,BID
25.30885382759467,99.95,3,ORD-3648,ORD-3646,FUND_ADAPT,MM,ASK
25.339951107294425,99.96,1,ORD-3658,ORD-3655,FLOW,FLOW,BID
25.357344294817487,99.96,2,ORD-3661,ORD-3655,FLOW,FLOW,BID
25.357344294817487,99.96,3,ORD-3661,ORD-3660,FLOW,MM,BID
25.359973205793246,99.97,2,ORD-3664,ORD-3533,FLOW,FLOW,BID
25.36447156520051,99.95,3,ORD-3670,ORD-3668,FUND_ADAPT,MM,ASK
25.36944190195774,99.96,2,ORD-3674,ORD-3673,FLOW,MM,BID
25.36944190195774,99.95,3,ORD-3677,ORD-3675,FUND_ADAPT,MM,ASK
25.490756301271794,99.94,1,ORD-3688,ORD-3539,FLOW,FLOW,ASK
25.490756301271794,99.94,2,ORD-3688,ORD-3564,FLOW,FLOW,ASK
25.518952423472392,99.96,2,ORD-3699,ORD-3680,FLOW,FLOW,BID
25.613725952732704,99.94,3,ORD-3715,ORD-3564,FLOW,FLOW,ASK
25.690989803119365,99.94,1,ORD-3726,ORD-3564,FLOW,FLOW,ASK
25.70270117849916,99.96,2,ORD-3729,ORD-3680,FLOW,FLOW,BID
25.75903267612634,99.94,2,ORD-3737,ORD-3637,FLOW,FLOW,ASK
25.821886760070985,99.96,2,ORD-3740,ORD-3680,FLOW,FLOW,BID
25.958479693777033,99.96,1,ORD-3760,ORD-3691,FLOW,FLOW,BID
26.04569881081616,99.94,3,ORD-3768,ORD-3637,FLOW,FLOW,ASK
26.04569881081616,99.94,1,ORD-3768,ORD-3642,FLOW,FLOW,ASK
26.124490157129102,99.94,1,ORD-3774,ORD-3642,FLOW,FLOW,ASK
26.153351895016183,99.96,1,ORD-3777,ORD-3691,FLOW,FLOW,BID
26.235292157973696,99.96,1,ORD-3785,ORD-3691,FUND_ADAPT,FLOW,BID
26.235292157973696,99.96,3,ORD-3785,ORD-3748,FUND_ADAPT,FLOW,BID
26.257359956690856,99.96,1,ORD-3791,ORD-3748,FUND_ADAPT,FLOW,BID
26.257359956690856,99.96,3,ORD-3791,ORD-3790,FUND_ADAPT,MM,BID
26.2786006640791,99.95,3,ORD-3796,ORD-3794,FUND_ADAPT,MM,ASK
26.28240723177396,99.96,3,ORD-3799,ORD-3798,FUND_ADAPT,MM,BID
26.309758783589068,99.97,2,ORD-3805,ORD-3533,FLOW,FLOW,BID
26.394406484276924,99.97,3,ORD-3811,ORD-3704,FLOW,FLOW,BID
26.394406484276924,99.97,1,ORD-3811,ORD-3757,FLOW,FLOW,BID
26.437270725536106,99.97,1,ORD-3814,ORD-3813,FLOW,MM,BID
26.480267260043657,99.96,3,ORD-3819,ORD-3817,FUND_ADAPT,MM,ASK
26.4940672951948,99.95,3,ORD-3822,ORD-3820,FUND_ADAPT,MM,ASK
26.583920545011484,99.94,3,ORD-3837,ORD-3642,FLOW,FLOW,ASK
26.583920545011484,99.94,1,ORD-3837,ORD-3649,FLOW,FLOW,ASK
26.649422786519708,99.96,3,ORD-3846,ORD-3845,FLOW,MM,BID
26.649422786519708,99.98,1,ORD-3846,ORD-3207,FLOW,FLOW,BID
26.669517474946648,99.97,1,ORD-3849,ORD-3848,FLOW,MM,BID
26.696702922046764,99.97,3,ORD-3855,ORD-3854,FLOW,MM,BID
26.696702922046764,99.98,1,ORD-3855,ORD-3207,FLOW,FLOW,BID
26.696702922046764,99.96,3,ORD-3858,ORD-3856,FUND_ADAPT,MM,ASK
26.70297784764588,99.94,2,ORD-3859,ORD-3649,FLOW,FLOW,ASK
26.71507166256106,99.95,3,ORD-3865,ORD-3863,FUND_ADAPT,MM,ASK
26.735807383429098,99.94,3,ORD-3866,ORD-3649,FLOW,FLOW,ASK
26.735807383429098,99.94,1,ORD-3866,ORD-3823,FLOW,FLOW,ASK
26.740346702911054,99.95,3,ORD-3872,ORD-3870,FUND_ADAPT,MM,ASK
26.752572548109118,99.96,3,ORD-3876,ORD-3875,FLOW,MM,BID
26.77068901687256,99.97,3,ORD-3879,ORD-3878,FLOW,MM,BID
26.77068901687256,99.95,3,ORD-3882,ORD-3880,FUND_ADAPT,MM,ASK
26.77846512057733,99.95,3,ORD-3885,ORD-3883,FUND_ADAPT,MM,ASK
26.80427476220791,99.97,3,ORD-3886,ORD-3884,FLOW,MM,BID
26.80427476220791,99.98,1,ORD-3886,ORD-3207,FLOW,FLOW,BID
26.85142433508479,99.95,2,ORD-3895,ORD-3893,FLOW,MM,ASK
26.879191218508673,99.94,1,ORD-3898,ORD-3823,FLOW,FLOW,ASK
26.916521608565276,99.96,3,ORD-3903,ORD-3902,FLOW,MM,BID
26.916521608565276,99.98,1,ORD-3903,ORD-3207,FLOW,FLOW,BID
26.937171480318437,99.95,3,ORD-3909,ORD-3907,FUND_ADAPT,MM,ASK
27.06161802953858,99.94,1,ORD-3924,ORD-3823,FLOW,FLOW,ASK
27.06161802953858,99.94,2,ORD-3924,ORD-3862,FLOW,FLOW,ASK
27.123315873199594,99.95,3,ORD-3933,ORD-3932,FLOW,MM,BID
27.123315873199594,99.96,1,ORD-3933,ORD-3921,FLOW,FLOW,BID
27.20243411134875,99.94,2,ORD-3947,ORD-3889,FUND_ADAPT,FLOW,ASK
27.20243411134875,99.94,2,ORD-3947,ORD-3910,FUND_ADAPT,FLOW,ASK
27.222551018419278,99.94,3,ORD-3950,ORD-3910,FUND_ADAPT,FLOW,ASK
27.222551018419278,99.94,1,ORD-3950,ORD-3948,FUND_ADAPT,MM,ASK
27.352245152727967,99.93,2,ORD-3954,ORD-2808,FLOW,FLOW,ASK
27.352245152727967,99.93,1,ORD-3954,ORD-2870,FLOW,FLOW,ASK
27.352339590721378,99.95,1,ORD-3957,ORD-3956,FLOW,MM,BID
27.40298426468395,99.95,1,ORD-3960,ORD-3959,FLOW,MM,BID
27.420643435721313,99.93,4,ORD-3966,ORD-3121,FUND_ADAPT,FLOW,ASK
27.46952891458002,99.96,4,ORD-3967,ORD-3921,FLOW,FLOW,BID
27.50742539476798,99.93,1,ORD-3976,ORD-3140,FUND_ADAPT,FLOW,ASK
27.50742539476798,99.93,3,ORD-3976,ORD-3306,FUND_ADAPT,FLOW,ASK
27.51930309701915,99.93,3,ORD-3979,ORD-3306,FUND_ADAPT,FLOW,ASK
27.51930309701915,99.93,1,ORD-3979,ORD-3338,FUND_ADAPT,FLOW,ASK
27.52088889102762,99.96,1,ORD-3980,ORD-3921,FLOW,FLOW,BID
27.52088889102762,99.96,3,ORD-3980,ORD-3927,FLOW,FLOW,BID
27.52088889102762,99.96,2,ORD-3980,ORD-3978,FLOW,MM,BID
27.52088889102762,99.95,3,ORD-3983,ORD-3981,FUND_ADAPT,MM,ASK
27.555370702576933,99.94,3,ORD-3987,ORD-3985,FUND_ADAPT,MM,ASK
27.564193992685297,99.94,1,ORD-3991,ORD-3989,FLOW,MM,ASK
27.628874812029018,99.94,4,ORD-4002,ORD-3999,FUND_ADAPT,FLOW,ASK
27.6561951386646,99.96,2,ORD-4003,ORD-4001,FLOW,MM,BID
27.6561951386646,99.94,1,ORD-4006,ORD-3999,FUND_ADAPT,FLOW,ASK
27.6561951386646,99.94,3,ORD-4006,ORD-4004,FUND_ADAPT,MM,ASK
27.667101826238266,99.96,3,ORD-4007,ORD-4005,FLOW,MM,BID
27.667101826238266,99.94,3,ORD-4010,ORD-4008,FUND_ADAPT,MM,ASK
27.66863999193956,99.96,3,ORD-4011,ORD-4009,FLOW,MM,BID
27.66863999193956,99.98,1,ORD-4011,ORD-3345,FLOW,FLOW,BID
27.863783058971862,99.93,1,ORD-4022,ORD-3425,FLOW,FLOW,ASK
27.906600120367706,99.95,3,ORD-4025,ORD-4024,FLOW,MM,BID
27.906600120367706,99.93,1,ORD-4028,ORD-3425,FUND_ADAPT,FLOW,ASK
27.906600120367706,99.93,3,ORD-4028,ORD-3446,FUND_ADAPT,FLOW,ASK
27.94971086365057,99.93,3,ORD-4032,ORD-3446,FUND_ADAPT,FLOW,ASK
27.94971086365057,99.93,1,ORD-4032,ORD-3502,FUND_ADAPT,FLOW,ASK
27.97931407099817,99.96,2,ORD-4035,ORD-4014,FLOW,FLOW,BID
27.97931407099817,99.93,3,ORD-4038,ORD-3609,FUND_ADAPT,FLOW,ASK
27.97931407099817,99.93,1,ORD-4038,ORD-3786,FUND_ADAPT,FLOW,ASK
28.00571115963109,99.96,1,ORD-4039,ORD-4014,FLOW,FLOW,BID
28.012016132661614,99.93,4,ORD-4045,ORD-3786,FUND_ADAPT,FLOW,ASK
28.164656975328686,99.96,1,ORD-4054,ORD-4014,FLOW,FLOW,BID
28.164656975328686,99.96,3,ORD-4054,ORD-4053,FLOW,MM,BID
28.164656975328686,99.97,3,ORD-4057,ORD-4055,FUND_ADAPT,MM,ASK
28.201823308254685,99.96,1,ORD-4060,ORD-4054,FUND_ADAPT,FLOW,ASK
28.201823308254685,99.96,3,ORD-4060,ORD-4058,FUND_ADAPT,MM,ASK
28.238119845287287,99.97,5,ORD-4067,ORD-4061,FUND_ADAPT,FLOW,ASK
28.290675643006168,99.94,3,ORD-4073,ORD-4071,FUND_ADAPT,MM,ASK
28.30110663556792,99.93,1,ORD-4077,ORD-3786,FUND_ADAPT,FLOW,ASK
28.30110663556792,99.93,2,ORD-4077,ORD-3840,FUND_ADAPT,FLOW,ASK
28.30110663556792,99.93,1,ORD-4077,ORD-3892,FUND_ADAPT,FLOW,ASK
28.325720173540542,99.93,1,ORD-4081,ORD-3892,FLOW,FLOW,ASK
28.325720173540542,99.93,2,ORD-4081,ORD-4019,FLOW,FLOW,ASK
28.328100670803153,99.93,1,ORD-4086,ORD-4078,FUND_ADAPT,FLOW,ASK
28.328100670803153,99.93,3,ORD-4086,ORD-4084,FUND_ADAPT,MM,ASK
28.41629658931008,99.92,6,ORD-4099,ORD-2504,FUND_ADAPT,FLOW,ASK
28.41629658931008,99.92,2,ORD-4099,ORD-2766,FUND_ADAPT,FLOW,ASK
28.41629658931008,99.92,2,ORD-4099,ORD-2932,FUND_ADAPT,FLOW,ASK
28.41629658931008,99.92,3,ORD-4099,ORD-2954,FUND_ADAPT,FLOW,ASK
28.41629658931008,99.92,2,ORD-4099,ORD-3094,FUND_ADAPT,FLOW,ASK
28.41629658931008,99.92,1,ORD-4099,ORD-3112,FUND_ADAPT,FLOW,ASK
28.557130065839196,99.92,1,ORD-4113,ORD-3112,FUND_ADAPT,FLOW,ASK
28.557130065839196,99.92,3,ORD-4113,ORD-3166,FUND_ADAPT,FLOW,ASK
28.557130065839196,99.92,6,ORD-4113,ORD-3214,FUND_ADAPT,FLOW,ASK
28.557130065839196,99.92,2,ORD-4113,ORD-3245,FUND_ADAPT,FLOW,ASK
28.557130065839196,99.92,4,ORD-4113,ORD-3249,FUND_ADAPT,FLOW,ASK
28.557130065839196,99.92,4,ORD-4113,ORD-3330,FUND_ADAPT,FLOW,ASK
28.575191059780753,99.92,2,ORD-4116,ORD-3330,FUND_ADAPT,FLOW,ASK
28.575191059780753,99.92,6,ORD-4116,ORD-3401,FUND_ADAPT,FLOW,ASK
28.575191059780753,99.92,6,ORD-4116,ORD-3470,FUND_ADAPT,FLOW,ASK
28.575191059780753,99.92,1,ORD-4116,ORD-3505,FUND_ADAPT,FLOW,ASK
28.575191059780753,99.92,2,ORD-4116,ORD-3579,FUND_ADAPT,FLOW,ASK
28.575191059780753,99.92,1,ORD-4116,ORD-3615,FUND_ADAPT,FLOW,ASK
28.575191059780753,99.92,2,ORD-4116,ORD-3667,FUND_ADAPT,FLOW,ASK
28.62223166335163,99.94,1,ORD-4117,ORD-4115,FLOW,MM,BID
28.696345924139337,99.92,2,ORD-4128,ORD-3671,FUND_ADAPT,FLOW,ASK
28.696345924139337,99.92,2,ORD-4128,ORD-3685,FUND_ADAPT,FLOW,ASK
28.696345924139337,99.92,1,ORD-4128,ORD-3694,FUND_ADAPT,FLOW,ASK
28.696345924139337,99.92,4,ORD-4128,ORD-3718,FUND_ADAPT,FLOW,ASK
28.696345924139337,99.92,2,ORD-4128,ORD-3734,FUND_ADAPT,FLOW,ASK
28.696345924139337,99.92,1,ORD-4128,ORD-3771,FUND_ADAPT,FLOW,ASK
28.696345924139337,99.92,3,ORD-4128,ORD-3780,FUND_ADAPT,FLOW,ASK
28.696345924139337,99.92,5,ORD-4128,ORD-3834,FUND_ADAPT,FLOW,ASK
28.80610779915804,99.94,2,ORD-4134,ORD-4133,FLOW,MM,BID
28.871693901592636,99.93,3,ORD-4143,ORD-4141,FUND_ADAPT,MM,ASK
28.89105966679828,99.92,1,ORD-4146,ORD-3834,FUND_ADAPT,FLOW,ASK
28.89105966679828,99.92,3,ORD-4146,ORD-3930,FUND_ADAPT,FLOW,ASK
28.89105966679828,99.92,2,ORD-4146,ORD-3944,FUND_ADAPT,FLOW,ASK
28.89105966679828,99.92,5,ORD-4146,ORD-3963,FUND_ADAPT,FLOW,ASK
28.89105966679828,99.92,6,ORD-4146,ORD-3970,FUND_ADAPT,FLOW,ASK
28.89105966679828,99.92,2,ORD-4146,ORD-3984,FUND_ADAPT,FLOW,ASK
28.89105966679828,99.92,1,ORD-4146,ORD-3988,FUND_ADAPT,FLOW,ASK
28.92604507734241,99.92,2,ORD-4156,ORD-3988,FLOW,FLOW,ASK
28.94738320801242,99.92,2,ORD-4162,ORD-3988,FUND_ADAPT,FLOW,ASK
28.94738320801242,99.92,5,ORD-4162,ORD-4087,FUND_ADAPT,FLOW,ASK
28.94738320801242,99.92,5,ORD-4162,ORD-4103,FUND_ADAPT,FLOW,ASK
28.94738320801242,99.92,2,ORD-4162,ORD-4120,FUND_ADAPT,FLOW,ASK
29.061948392989745,99.91,1,ORD-4171,ORD-2742,FUND_ADAPT,FLOW,ASK
29.061948392989745,99.91,3,ORD-4171,ORD-2760,FUND_ADAPT,FLOW,ASK
29.061948392989745,99.91,4,ORD-4171,ORD-2763,FUND_ADAPT,FLOW,ASK
29.061948392989745,99.91,4,ORD-4171,ORD-3204,FUND_ADAPT,FLOW,ASK
29.07300412993651,99.91,2,ORD-4175,ORD-3204,FUND_ADAPT,FLOW,ASK
29.07300412993651,99.91,5,ORD-4175,ORD-3253,FUND_ADAPT,FLOW,ASK
29.07300412993651,99.91,5,ORD-4175,ORD-3275,FUND_ADAPT,FLOW,ASK
29.1010032153695,99.92,3,ORD-4176,ORD-4174,FLOW,MM,BID
29.1225789640049,99.92,1,ORD-4179,ORD-4176,FLOW,FLOW,ASK
29.1225789640049,99.91,1,ORD-4182,ORD-3275,FUND_ADAPT,FLOW,ASK
29.1225789640049,99.91,4,ORD-4182,ORD-3315,FUND_ADAPT,FLOW,ASK
29.1225789640049,99.91,5,ORD-4182,ORD-3358,FUND_ADAPT,FLOW,ASK
29.1225789640049,99.91,2,ORD-4182,ORD-3361,FUND_ADAPT,FLOW,ASK
29.218430846878753,99.91,1,ORD-4186,ORD-3361,FLOW,FLOW,ASK
29.218430846878753,99.91,1,ORD-4189,ORD-3361,FUND_ADAPT,FLOW,ASK
29.218430846878753,99.91,3,ORD-4189,ORD-3429,FUND_ADAPT,FLOW,ASK
29.218430846878753,99.91,5,ORD-4189,ORD-3555,FUND_ADAPT,FLOW,ASK
29.218430846878753,99.91,3,ORD-4189,ORD-3561,FUND_ADAPT,FLOW,ASK
29.23805793412413,99.91,3,ORD-4190,ORD-3594,FLOW,FLOW,ASK
29.23805793412413,99.91,1,ORD-4190,ORD-3603,FLOW,FLOW,ASK
29.23805793412413,99.91,1,ORD-4193,ORD-3603,FUND_ADAPT,FLOW,ASK
29.23805793412413,99.91,6,ORD-4193,ORD-3707,FUND_ADAPT,FLOW,ASK
29.23805793412413,99.91,5,ORD-4193,ORD-3743,FUND_ADAPT,FLOW,ASK
29.319757584441522,99.92,3,ORD-4200,ORD-4179,FLOW,FLOW,BID
29.319757584441522,99.92,1,ORD-4200,ORD-4199,FLOW,MM,BID
29.319757584441522,99.91,1,ORD-4203,ORD-3743,FUND_ADAPT,FLOW,ASK
29.319757584441522,99.91,3,ORD-4203,ORD-3754,FUND_ADAPT,FLOW,ASK
29.319757584441522,99.91,2,ORD-4203,ORD-3765,FUND_ADAPT,FLOW,ASK
29.319757584441522,99.91,3,ORD-4203,ORD-3800,FUND_ADAPT,FLOW,ASK
29.319757584441522,99.91,3,ORD-4203,ORD-3826,FUND_ADAPT,FLOW,ASK
29.33103130056373,99.91,3,ORD-4206,ORD-3826,FUND_ADAPT,FLOW,ASK
29.33103130056373,99.91,1,ORD-4206,ORD-3843,FUND_ADAPT,FLOW,ASK
29.33103130056373,99.91,4,ORD-4206,ORD-3939,FUND_ADAPT,FLOW,ASK
29.33103130056373,99.91,4,ORD-4206,ORD-4123,FUND_ADAPT,FLOW,ASK
29.3494751518934,99.92,2,ORD-4207,ORD-4205,FLOW,MM,BID
29.3494751518934,99.91,2,ORD-4210,ORD-4123,FUND_ADAPT,FLOW,ASK
29.3494751518934,99.91,2,ORD-4210,ORD-4131,FUND_ADAPT,FLOW,ASK
29.3494751518934,99.91,5,ORD-4210,ORD-4153,FUND_ADAPT,FLOW,ASK
29.3494751518934,99.91,3,ORD-4210,ORD-4208,FUND_ADAPT,MM,ASK
29.430977125809036,99.9,4,ORD-4214,ORD-3355,FUND_ADAPT,FLOW,ASK
29.430977125809036,99.9,2,ORD-4214,ORD-3364,FUND_ADAPT,FLOW,ASK
29.430977125809036,99.9,1,ORD-4214,ORD-3586,FUND_ADAPT,FLOW,ASK
29.430977125809036,99.9,1,ORD-4214,ORD-3591,FUND_ADAPT,FLOW,ASK
29.430977125809036,99.9,1,ORD-4214,ORD-4029,FUND_ADAPT,FLOW,ASK
29.430977125809036,99.9,3,ORD-4214,ORD-4051,FUND_ADAPT,FLOW,ASK
29.514545382200627,99.92,3,ORD-4220,ORD-4219,FLOW,MM,BID
29.514545382200627,99.94,1,ORD-4220,ORD-4194,FLOW,FLOW,BID
29.51542229407013,99.9,1,ORD-4226,ORD-4051,FUND_ADAPT,FLOW,ASK
29.51542229407013,99.9,1,ORD-4226,ORD-4108,FUND_ADAPT,FLOW,ASK
29.51542229407013,99.9,5,ORD-4226,ORD-4140,FUND_ADAPT,FLOW,ASK
29.51542229407013,99.9,5,ORD-4226,ORD-4159,FUND_ADAPT,FLOW,ASK
29.564079623506007,99.9,1,ORD-4242,ORD-4168,FUND_ADAPT,FLOW,ASK
29.564079623506007,99.9,5,ORD-4242,ORD-4183,FUND_ADAPT,FLOW,ASK
29.564079623506007,99.9,2,ORD-4242,ORD-4197,FUND_ADAPT,FLOW,ASK
29.564079623506007,99.9,3,ORD-4242,ORD-4227,FUND_ADAPT,FLOW,ASK
29.564079623506007,99.9,1,ORD-4242,ORD-4233,FUND_ADAPT,FLOW,ASK
29.64913133435587,99.9,1,ORD-4252,ORD-4233,FUND_ADAPT,FLOW,ASK
29.836048249216056,99.9,1,ORD-4268,ORD-4267,FLOW,MM,BID
29.853435660783518,99.89,3,ORD-4274,ORD-4092,FUND_ADAPT,FLOW,ASK
29.853435660783518,99.89,1,ORD-4274,ORD-4230,FUND_ADAPT,FLOW,ASK
29.897549241524167,99.89,4,ORD-4282,ORD-4230,FUND_ADAPT,FLOW,ASK
29.897549241524167,99.89,1,ORD-4282,ORD-4239,FUND_ADAPT,FLOW,ASK
29.897549241524167,99.89,3,ORD-4282,ORD-4280,FUND_ADAPT,MM,ASK
29.93934280271759,99.88,1,ORD-4285,ORD-4215,FLOW,FLOW,ASK
29.93934280271759,99.88,1,ORD-4285,ORD-4246,FLOW,FLOW,ASK
29.93934280271759,99.88,2,ORD-4288,ORD-4246,FUND_ADAPT,FLOW,ASK
29.961997094589453,99.9,3,ORD-4289,ORD-4287,FLOW,MM,BID
29.961997094589453,99.88,3,ORD-4292,ORD-4290,FUND_ADAPT,MM,ASK
30.061589671657117,99.88,1,ORD-4310,ORD-4304,FLOW,FLOW,BID
30.061589671657117,99.88,2,ORD-4310,ORD-4309,FLOW,MM,BID
30.12260363695404,99.89,1,ORD-4320,ORD-4319,FLOW,MM,BID
30.487177730487648,99.89,3,ORD-4365,ORD-4364,FLOW,MM,BID
30.487177730487648,99.89,3,ORD-4368,ORD-4365,FUND_ADAPT,FLOW,ASK
30.487177730487648,99.89,1,ORD-4368,ORD-4366,FUND_ADAPT,MM,ASK
30.517610176908995,99.88,3,ORD-4372,ORD-4370,FUND_ADAPT,MM,ASK
30.567000841466367,99.87,2,ORD-4381,ORD-4336,FLOW,FLOW,ASK
30.585522115004007,99.87,1,ORD-4387,ORD-4336,FLOW,FLOW,ASK
30.585522115004007,99.87,2,ORD-4387,ORD-4353,FLOW,FLOW,ASK
30.68459015463598,99.88,3,ORD-4399,ORD-4373,FLOW,FLOW,BID
30.745359471560427,99.87,2,ORD-4402,ORD-4353,FLOW,FLOW,ASK
30.745359471560427,99.87,2,ORD-4402,ORD-4356,FLOW,FLOW,ASK
30.838407422561612,99.88,2,ORD-4411,ORD-4373,FLOW,FLOW,BID
30.88971486782219,99.87,3,ORD-4414,ORD-4356,FLOW,FLOW,ASK
31.007087394476823,99.87,1,ORD-4427,ORD-4359,FLOW,FLOW,ASK
31.016680500287166,99.87,3,ORD-4430,ORD-4359,FLOW,FLOW,ASK
31.016680500287166,99.87,3,ORD-4433,ORD-4432,FUND_ADAPT,MM,BID
31.039506110780827,99.86,4,ORD-4437,ORD-4249,FLOW,FLOW,ASK
31.040708915259184,99.88,1,ORD-4440,ORD-4373,FLOW,FLOW,BID
31.040708915259184,99.88,2,ORD-4440,ORD-4417,FLOW,FLOW,BID
31.049027438450047,99.88,3,ORD-4443,ORD-4417,FLOW,FLOW,BID
31.109487804373487,99.88,1,ORD-4446,ORD-4417,FLOW,FLOW,BID
31.109487804373487,99.88,2,ORD-4446,ORD-4445,FLOW,MM,BID
31.121049173966636,99.87,3,ORD-4449,ORD-4447,FLOW,MM,ASK
31.24684966446527,99.87,1,ORD-4457,ORD-4449,FUND_ADAPT,FLOW,BID
31.24684966446527,99.87,3,ORD-4457,ORD-4456,FUND_ADAPT,MM,BID
31.348231691662487,99.9,4,ORD-4469,ORD-4298,FLOW,FLOW,BID
31.348231691662487,99.88,3,ORD-4472,ORD-4470,FUND_ADAPT,MM,ASK
31.351395718080116,99.9,1,ORD-4473,ORD-4298,FLOW,FLOW,BID
31.351395718080116,99.9,1,ORD-4473,ORD-4339,FLOW,FLOW,BID
31.351395718080116,99.9,1,ORD-4473,ORD-4376,FLOW,FLOW,BID
31.357026131201295,99.87,3,ORD-4476,ORD-4466,FLOW,FLOW,ASK
31.42687816265519,99.89,3,ORD-4488,ORD-4487,FLOW,MM,BID
31.42687816265519,99.88,3,ORD-4491,ORD-4489,FUND_ADAPT,MM,ASK
31.65761016657554,99.89,3,ORD-4518,ORD-4517,FLOW,MM,BID
31.699586342660986,99.88,3,ORD-4524,ORD-4522,FUND_ADAPT,MM,ASK
31.80641712952851,99.89,3,ORD-4534,ORD-4533,FLOW,MM,BID
31.92083278243322,99.9,1,ORD-4550,ORD-4394,FLOW,FLOW,BID
31.939664252185057,99.9,1,ORD-4553,ORD-4394,FLOW,FLOW,BID
31.995438544964035,99.9,1,ORD-4559,ORD-4394,FLOW,FLOW,BID
31.995438544964035,99.9,1,ORD-4559,ORD-4405,FLOW,FLOW,BID
31.995438544964035,99.9,2,ORD-4559,ORD-4463,FLOW,FLOW,BID
32.02193707001511,99.9,2,ORD-4566,ORD-4463,FLOW,FLOW,BID
32.02193707001511,99.9,2,ORD-4569,ORD-4510,FUND_ADAPT,FLOW,BID
32.02193707001511,99.9,2,ORD-4569,ORD-4521,FUND_ADAPT,FLOW,BID
32.02789765965977,99.9,4,ORD-4572,ORD-4521,FUND_ADAPT,FLOW,BID
32.04569635249363,99.9,3,ORD-4581,ORD-4580,FUND_ADAPT,MM,BID
32.09549187848965,99.91,1,ORD-4585,ORD-4255,FLOW,FLOW,BID
32.09549187848965,99.91,2,ORD-4585,ORD-4279,FLOW,FLOW,BID
32.11391735916055,99.9,4,ORD-4590,ORD-4582,FUND_ADAPT,FLOW,ASK
32.18531835951484,99.89,2,ORD-4594,ORD-4592,FLOW,MM,ASK
32.1887918403758,99.89,3,ORD-4599,ORD-4597,FLOW,MM,ASK
32.1887918403758,99.87,1,ORD-4599,ORD-4466,FLOW,FLOW,ASK
32.23597308354087,99.9,3,ORD-4602,ORD-4601,FLOW,MM,BID
32.27873178522431,99.91,1,ORD-4605,ORD-4279,FLOW,FLOW,BID
32.30135537674929,99.89,2,ORD-4608,ORD-4606,FLOW,MM,ASK
32.30135537674929,99.9,3,ORD-4611,ORD-4610,FUND_ADAPT,MM,BID
32.32977361198509,99.91,1,ORD-4617,ORD-4279,FLOW,FLOW,BID
32.32977361198509,99.91,2,ORD-4617,ORD-4362,FLOW,FLOW,BID
32.36560487109795,99.91,1,ORD-4627,ORD-4362,FUND_ADAPT,FLOW,BID
32.36560487109795,99.91,3,ORD-4627,ORD-4434,FUND_ADAPT,FLOW,BID
32.43063182786536,99.91,1,ORD-4631,ORD-4434,FLOW,FLOW,BID
32.44015037185439,99.91,1,ORD-4636,ORD-4434,FUND_ADAPT,FLOW,BID
32.44015037185439,99.91,3,ORD-4636,ORD-4479,FUND_ADAPT,FLOW,BID
32.44934408535717,99.91,1,ORD-4637,ORD-4485,FLOW,FLOW,BID
32.44934408535717,99.91,1,ORD-4637,ORD-4541,FLOW,FLOW,BID
32.44934408535717,99.92,1,ORD-4637,ORD-4344,FLOW,FLOW,BID
32.44934408535717,99.92,2,ORD-4640,ORD-4344,FUND_ADAPT,FLOW,BID
32.44934408535717,99.92,2,ORD-4640,ORD-4497,FUND_ADAPT,FLOW,BID
32.51275287119477,99.92,1,ORD-4644,ORD-4497,FLOW,FLOW,BID
32.54755559479452,99.92,1,ORD-4647,ORD-4497,FLOW,FLOW,BID
32.59772920167845,99.91,2,ORD-4655,ORD-4653,FLOW,MM,ASK
32.606185738238096,99.92,4,ORD-4661,ORD-4500,FUND_ADAPT,FLOW,BID
32.65164710579416,99.92,3,ORD-4667,ORD-4665,FUND_ADAPT,MM,ASK
32.70807249434754,99.94,2,ORD-4668,ORD-4194,FLOW,FLOW,BID
32.70807249434754,99.94,1,ORD-4668,ORD-4591,FLOW,FLOW,BID
32.80083978457117,99.91,1,ORD-4679,ORD-4664,FLOW,FLOW,ASK
32.80083978457117,99.91,1,ORD-4679,ORD-4677,FLOW,MM,ASK
32.86235271858293,99.91,3,ORD-4695,ORD-4693,FLOW,MM,ASK
32.86235271858293,99.9,1,ORD-4695,ORD-4650,FLOW,FLOW,ASK
32.99205183048307,99.92,1,ORD-4701,ORD-4700,FLOW,MM,BID
33.005247666603054,99.92,3,ORD-4707,ORD-4706,FUND_ADAPT,MM,BID
33.05595956987166,99.94,2,ORD-4708,ORD-4591,FLOW,FLOW,BID
33.05595956987166,99.94,1,ORD-4708,ORD-4690,FLOW,FLOW,BID
33.09873469462693,99.91,3,ORD-4718,ORD-4716,FLOW,MM,ASK
33.29141538893045,99.93,1,ORD-4734,ORD-4733,FLOW,MM,BID
33.37174595603548,99.91,3,ORD-4741,ORD-4739,FLOW,MM,ASK
33.37174595603548,99.92,3,ORD-4744,ORD-4743,FUND_ADAPT,MM,BID
33.46962282003854,99.92,3,ORD-4753,ORD-4752,FUND_ADAPT,MM,BID
33.53573982335036,99.93,1,ORD-4759,ORD-4747,FLOW,FLOW,BID
33.71079876684834,99.93,1,ORD-4781,ORD-4747,FLOW,FLOW,BID
33.71079876684834,99.93,2,ORD-4781,ORD-4780,FLOW,MM,BID
33.71079876684834,99.92,3,ORD-4784,ORD-4782,FUND_ADAPT,MM,ASK
33.74506802586931,99.94,3,ORD-4785,ORD-4783,FLOW,MM,BID
33.74506802586931,99.95,1,ORD-4785,ORD-4150,FLOW,FLOW,BID
33.74506802586931,99.92,3,ORD-4788,ORD-4786,FUND_ADAPT,MM,ASK
33.750383198105624,99.91,4,ORD-4792,ORD-4789,FUND_ADAPT,FLOW,BID
33.80174512974664,99.91,1,ORD-4805,ORD-4789,FUND_ADAPT,FLOW,BID
33.80174512974664,99.91,3,ORD-4805,ORD-4804,FUND_ADAPT,MM,BID
33.80452219593509,99.92,1,ORD-4806,ORD-4796,FLOW,FLOW,BID
33.81224058548202,99.9,2,ORD-4812,ORD-4650,FLOW,FLOW,ASK
33.81224058548202,99.9,2,ORD-4812,ORD-4698,FLOW,FLOW,ASK
33.83721094487998,99.92,3,ORD-4818,ORD-4796,FUND_ADAPT,FLOW,BID
33.83721094487998,99.92,1,ORD-4818,ORD-4817,FUND_ADAPT,MM,BID
33.8692305255171,99.94,1,ORD-4821,ORD-4815,FLOW,FLOW,BID
33.87714870525327,99.92,3,ORD-4826,ORD-4824,FLOW,MM,ASK
33.91212609741858,99.93,3,ORD-4835,ORD-4834,FLOW,MM,BID
33.91212609741858,99.92,3,ORD-4838,ORD-4836,FUND_ADAPT,MM,ASK
34.04505403977417,99.9,1,ORD-4853,ORD-4698,FLOW,FLOW,ASK
34.04505403977417,99.9,2,ORD-4853,ORD-4721,FLOW,FLOW,ASK
34.103282090045056,99.93,1,ORD-4862,ORD-4847,FLOW,FLOW,BID
34.374018698686534,99.93,4,ORD-4888,ORD-4850,FLOW,FLOW,BID
34.374018698686534,99.93,1,ORD-4888,ORD-4871,FLOW,FLOW,BID
34.4921064798732,99.9,1,ORD-4899,ORD-4721,FLOW,FLOW,ASK
34.4921064798732,99.9,2,ORD-4899,ORD-4754,FLOW,FLOW,ASK
34.4921064798732,99.9,1,ORD-4899,ORD-4775,FLOW,FLOW,ASK
34.53573594054262,99.93,4,ORD-4908,ORD-4871,FLOW,FLOW,BID
34.597396625041796,99.9,4,ORD-4917,ORD-4775,FLOW,FLOW,ASK
34.72317658027911,99.93,4,ORD-4931,ORD-4905,FLOW,FLOW,BID
34.789833228884525,99.93,4,ORD-4951,ORD-4914,FLOW,FLOW,BID
34.80026168876388,99.93,3,ORD-4957,ORD-4956,FUND_ADAPT,MM,BID
34.834299708714695,99.92,3,ORD-4964,ORD-4962,FLOW,MM,ASK
34.95793206122376,99.94,1,ORD-4974,ORD-4815,FUND_ADAPT,FLOW,BID
34.95793206122376,99.94,3,ORD-4974,ORD-4859,FUND_ADAPT,FLOW,BID
34.9909812131392,99.94,3,ORD-4978,ORD-4977,FLOW,MM,BID
35.082449430022415,99.93,1,ORD-4998,ORD-4996,FLOW,MM,ASK
35.12723024845791,99.95,3,ORD-5001,ORD-4150,FLOW,FLOW,BID
35.186974943014256,99.95,2,ORD-5012,ORD-4674,FLOW,FLOW,BID
35.26382408138836,99.93,2,ORD-5033,ORD-5031,FLOW,MM,ASK
35.31839212419582,99.94,3,ORD-5042,ORD-5036,FLOW,FLOW,BID
35.31839212419582,99.94,1,ORD-5042,ORD-5041,FLOW,MM,BID
35.40119948539401,99.93,2,ORD-5056,ORD-5054,FLOW,MM,ASK
35.405816261361544,99.92,1,ORD-5059,ORD-4984,FLOW,FLOW,ASK
35.405816261361544,99.92,2,ORD-5059,ORD-4995,FLOW,FLOW,ASK
35.54794671346468,99.94,3,ORD-5072,ORD-5071,FLOW,MM,BID
35.54794671346468,99.95,1,ORD-5072,ORD-4674,FLOW,FLOW,BID
35.560287402910554,99.93,3,ORD-5075,ORD-5073,FLOW,MM,ASK
35.679063076541816,99.94,3,ORD-5095,ORD-5087,FLOW,FLOW,BID
35.724701367372994,99.92,2,ORD-5103,ORD-4995,FUND_ADAPT,FLOW,ASK
35.724701367372994,99.92,2,ORD-5103,ORD-5053,FUND_ADAPT,FLOW,ASK
35.73559069595566,99.94,1,ORD-5106,ORD-5087,FLOW,FLOW,BID
35.761966719160576,99.92,4,ORD-5112,ORD-5053,FUND_ADAPT,FLOW,ASK
35.91992585773829,99.93,4,ORD-5129,ORD-5121,FLOW,FLOW,BID
35.91992585773829,99.93,1,ORD-5129,ORD-5128,FLOW,MM,BID
35.940292687478696,99.91,4,ORD-5132,ORD-4958,FLOW,FLOW,ASK
36.03043831010144,99.91,1,ORD-5143,ORD-4958,FUND_ADAPT,FLOW,ASK
36.03043831010144,99.91,1,ORD-5143,ORD-4975,FUND_ADAPT,FLOW,ASK
36.03043831010144,99.91,1,ORD-5143,ORD-4992,FUND_ADAPT,FLOW,ASK
36.03043831010144,99.91,1,ORD-5143,ORD-5006,FUND_ADAPT,FLOW,ASK
36.063431677717354,99.94,2,ORD-5144,ORD-5087,FLOW,FLOW,BID
36.063431677717354,99.94,2,ORD-5144,ORD-5137,FLOW,FLOW,BID
36.09093807356139,99.94,2,ORD-5147,ORD-5137,FLOW,FLOW,BID
36.1093849097361,99.91,3,ORD-5152,ORD-5006,FUND_ADAPT,FLOW,ASK
36.1093849097361,99.91,1,ORD-5152,ORD-5009,FUND_ADAPT,FLOW,ASK
36.12285974864289,99.91,3,ORD-5156,ORD-5009,FUND_ADAPT,FLOW,ASK
36.12285974864289,99.91,1,ORD-5156,ORD-5022,FUND_ADAPT,FLOW,ASK
36.13720981357882,99.91,3,ORD-5157,ORD-5022,FLOW,FLOW,ASK
36.13720981357882,99.91,1,ORD-5157,ORD-5039,FLOW,FLOW,ASK
36.13994463983297,99.94,2,ORD-5160,ORD-5137,FLOW,FLOW,BID
36.13994463983297,99.94,2,ORD-5160,ORD-5159,FLOW,MM,BID
36.17768825977361,99.92,3,ORD-5166,ORD-5164,FUND_ADAPT,MM,ASK
36.21277090035935,99.94,1,ORD-5167,ORD-5165,FLOW,MM,BID
36.24943177190189,99.94,3,ORD-5173,ORD-5172,FLOW,MM,BID
36.24943177190189,99.95,1,ORD-5173,ORD-4674,FLOW,FLOW,BID
36.24943177190189,99.93,3,ORD-5176,ORD-5174,FUND_ADAPT,MM,ASK
36.41094069747173,99.95,2,ORD-5177,ORD-4981,FLOW,FLOW,BID
36.43283331699294,99.92,2,ORD-5183,ORD-5180,FUND_ADAPT,FLOW,ASK
36.43283331699294,99.92,3,ORD-5183,ORD-5181,FUND_ADAPT,MM,ASK
36.527931365345516,99.91,2,ORD-5202,ORD-5039,FUND_ADAPT,FLOW,ASK
36.527931365345516,99.91,2,ORD-5202,ORD-5092,FUND_ADAPT,FLOW,ASK
36.58017745875838,99.91,1,ORD-5206,ORD-5092,FLOW,FLOW,ASK
36.66896139547695,99.93,1,ORD-5212,ORD-5211,FLOW,MM,BID
36.66896139547695,99.91,1,ORD-5215,ORD-5140,FUND_ADAPT,FLOW,ASK
36.66896139547695,99.91,3,ORD-5215,ORD-5163,FUND_ADAPT,FLOW,ASK
36.72468395978684,99.91,3,ORD-5219,ORD-5163,FUND_ADAPT,FLOW,ASK
36.72468395978684,99.91,1,ORD-5219,ORD-5184,FUND_ADAPT,FLOW,ASK
36.735683734790356,99.91,2,ORD-5222,ORD-5184,FUND_ADAPT,FLOW,ASK
36.735683734790356,99.91,2,ORD-5222,ORD-5209,FUND_ADAPT,FLOW,ASK
36.7639055937886,99.93,1,ORD-5229,ORD-5228,FLOW,MM,BID
36.7639055937886,99.91,2,ORD-5232,ORD-5209,FUND_ADAPT,FLOW,ASK
36.7639055937886,99.91,2,ORD-5232,ORD-5230,FUND_ADAPT,MM,ASK
36.882392306262126,99.92,1,ORD-5241,ORD-5240,FLOW,MM,BID
36.882392306262126,99.91,3,ORD-5244,ORD-5242,FUND_ADAPT,MM,ASK
36.89929655333103,99.93,3,ORD-5245,ORD-5243,FLOW,MM,BID
36.89929655333103,99.94,1,ORD-5245,ORD-5190,FLOW,FLOW,BID
36.89929655333103,99.91,3,ORD-5248,ORD-5246,FUND_ADAPT,MM,ASK
36.93821261753933,99.92,3,ORD-5252,ORD-5251,FLOW,MM,BID
36.93821261753933,99.94,1,ORD-5252,ORD-5190,FLOW,FLOW,BID
36.95593772840378,99.91,3,ORD-5258,ORD-5256,FUND_ADAPT,MM,ASK
36.96521781831864,99.9,2,ORD-5259,ORD-4856,FLOW,FLOW,ASK
36.96521781831864,99.9,2,ORD-5259,ORD-4865,FLOW,FLOW,ASK
37.02298599517466,99.9,2,ORD-5273,ORD-4865,FLOW,FLOW,ASK
37.02298599517466,99.9,1,ORD-5273,ORD-4868,FLOW,FLOW,ASK
37.07964580435248,99.92,3,ORD-5281,ORD-5280,FUND_ADAPT,MM,BID
37.184335654114385,99.93,3,ORD-5286,ORD-5285,FLOW,MM,BID
37.23059697465595,99.93,3,ORD-5295,ORD-5294,FLOW,MM,BID
37.23059697465595,99.92,3,ORD-5298,ORD-5296,FUND_ADAPT,MM,ASK
37.236922104707126,99.92,3,ORD-5302,ORD-5300,FUND_ADAPT,MM,ASK
37.26891112782113,99.91,2,ORD-5303,ORD-5299,FLOW,FLOW,ASK
37.26891112782113,99.9,1,ORD-5303,ORD-4868,FLOW,FLOW,ASK
37.26891112782113,99.9,1,ORD-5303,ORD-4922,FLOW,FLOW,ASK
37.283464019154934,99.93,2,ORD-5308,ORD-5307,FLOW,MM,BID
37.34659857228138,99.93,3,ORD-5311,ORD-5310,FLOW,MM,BID
37.34659857228138,99.94,1,ORD-5311,ORD-5190,FLOW,FLOW,BID
37.34659857228138,99.92,3,ORD-5314,ORD-5312,FUND_ADAPT,MM,ASK
37.35172381627731,99.94,3,ORD-5315,ORD-5190,FLOW,FLOW,BID
37.35172381627731,99.94,1,ORD-5315,ORD-5235,FLOW,FLOW,BID
37.353611648943534,99.93,1,ORD-5318,ORD-5317,FLOW,MM,BID
37.46952690902043,99.93,3,ORD-5332,ORD-5326,FLOW,FLOW,BID
37.48748748380082,99.93,2,ORD-5335,ORD-5326,FLOW,FLOW,BID
37.49004854286829,99.93,1,ORD-5338,ORD-5326,FLOW,FLOW,BID
37.49004854286829,99.93,1,ORD-5338,ORD-5337,FLOW,MM,BID
37.49400712695728,99.93,2,ORD-5341,ORD-5340,FLOW,MM,BID
37.602867689993964,99.92,3,ORD-5352,ORD-5350,FUND_ADAPT,MM,ASK
37.62166670718396,99.94,2,ORD-5353,ORD-5235,FLOW,FLOW,BID
37.62166670718396,99.94,1,ORD-5353,ORD-5270,FLOW,FLOW,BID
37.63078627601217,99.91,1,ORD-5359,ORD-5357,FLOW,MM,ASK
37.693907142837475,99.93,2,ORD-5369,ORD-5368,FLOW,MM,BID
37.700341490355044,99.91,3,ORD-5372,ORD-5370,FLOW,MM,ASK
37.700341490355044,99.9,1,ORD-5372,ORD-4922,FLOW,FLOW,ASK
37.729904704243395,99.93,2,ORD-5380,ORD-5379,FLOW,MM,BID
37.805098808199254,99.93,1,ORD-5391,ORD-5390,FLOW,MM,BID
37.81964261204927,99.93,1,ORD-5394,ORD-5393,FLOW,MM,BID
37.875659292073735,99.92,3,ORD-5406,ORD-5404,FUND_ADAPT,MM,ASK
37.987270344408124,99.93,1,ORD-5418,ORD-5417,FLOW,MM,BID
38.01353528792103,99.93,3,ORD-5421,ORD-5420,FLOW,MM,BID
38.01762528914127,99.94,1,ORD-5424,ORD-5270,FLOW,FLOW,BID
38.01762528914127,99.94,2,ORD-5424,ORD-5289,FLOW,FLOW,BID
38.01762528914127,99.93,2,ORD-5427,ORD-5421,FUND_ADAPT,FLOW,ASK
38.01762528914127,99.93,2,ORD-5427,ORD-5425,FUND_ADAPT,MM,ASK
38.03159871668263,99.91,3,ORD-5431,ORD-5429,FLOW,MM,ASK
38.03159871668263,99.9,1,ORD-5431,ORD-4928,FLOW,FLOW,ASK
38.17255472204266,99.93,1,ORD-5440,ORD-5439,FLOW,MM,BID
38.18176002262641,99.94,3,ORD-5443,ORD-5289,FLOW,FLOW,BID
38.24180773979245,99.94,1,ORD-5449,ORD-5289,FLOW,FLOW,BID
38.24180773979245,99.94,2,ORD-5449,ORD-5349,FLOW,FLOW,BID
38.27568090571107,99.91,2,ORD-5455,ORD-5437,FLOW,FLOW,ASK
38.30254420679003,99.94,3,ORD-5458,ORD-5397,FLOW,FLOW,BID
38.32598975857425,99.94,1,ORD-5464,ORD-5397,FLOW,FLOW,BID
38.32947745324774,99.94,1,ORD-5467,ORD-5397,FLOW,FLOW,BID
38.32947745324774,99.94,3,ORD-5467,ORD-5400,FLOW,FLOW,BID
38.350157030230775,99.94,2,ORD-5479,ORD-5400,FLOW,FLOW,BID
38.35568171025247,99.91,3,ORD-5482,ORD-5437,FLOW,FLOW,ASK
38.35568171025247,99.91,3,ORD-5482,ORD-5480,FLOW,MM,ASK
38.44618384932508,99.92,1,ORD-5497,ORD-5496,FLOW,MM,BID
38.44930923743452,99.92,3,ORD-5502,ORD-5501,FUND_ADAPT,MM,BID
38.46725424539324,99.93,5,ORD-5509,ORD-5491,FLOW,FLOW,BID
38.59959967556623,99.91,3,ORD-5527,ORD-5525,FLOW,MM,ASK
38.59959967556623,99.92,3,ORD-5530,ORD-5529,FUND_ADAPT,MM,BID
38.60478854116147,99.93,1,ORD-5531,ORD-5491,FLOW,FLOW,BID
38.63162568025176,99.93,2,ORD-5537,ORD-5494,FLOW,FLOW,BID
38.6578492069772,99.91,3,ORD-5548,ORD-5546,FUND_ADAPT,MM,ASK
38.70975286224549,99.9,2,ORD-5555,ORD-4928,FLOW,FLOW,ASK
38.86022733912219,99.9,1,ORD-5578,ORD-4928,FUND_ADAPT,FLOW,ASK
38.86022733912219,99.9,2,ORD-5578,ORD-4954,FUND_ADAPT,FLOW,ASK
38.86022733912219,99.9,1,ORD-5578,ORD-5078,FUND_ADAPT,FLOW,ASK
38.86860057645356,99.9,4,ORD-5583,ORD-5078,FUND_ADAPT,FLOW,ASK
38.909111034019716,99.92,1,ORD-5584,ORD-5582,FLOW,MM,BID
38.909111034019716,99.9,3,ORD-5587,ORD-5100,FUND_ADAPT,FLOW,ASK
38.909111034019716,99.9,1,ORD-5587,ORD-5153,FUND_ADAPT,FLOW,ASK
38.91472000137727,99.9,3,ORD-5588,ORD-5170,FLOW,FLOW,ASK
38.93282585228123,99.9,1,ORD-5594,ORD-5170,FLOW,FLOW,ASK
38.96185849493799,99.92,1,ORD-5597,ORD-5596,FLOW,MM,BID
38.99262089875012,99.9,4,ORD-5602,ORD-5193,FUND_ADAPT,FLOW,ASK
38.99262089875012,99.9,4,ORD-5602,ORD-5199,FUND_ADAPT,FLOW,ASK
38.99350657909625,99.9,1,ORD-5605,ORD-5199,FUND_ADAPT,FLOW,ASK
38.99350657909625,99.9,3,ORD-5605,ORD-5278,FUND_ADAPT,FLOW,ASK
38.99789526827457,99.9,2,ORD-5609,ORD-5407,FLOW,FLOW,ASK
38.99789526827457,99.9,2,ORD-5609,ORD-5428,FLOW,FLOW,ASK
38.99789526827457,99.9,4,ORD-5612,ORD-5461,FUND_ADAPT,FLOW,ASK
39.051185992147325,99.9,1,ORD-5619,ORD-5461,FUND_ADAPT,FLOW,ASK
39.051185992147325,99.9,3,ORD-5619,ORD-5476,FUND_ADAPT,FLOW,ASK
39.07789902517089,99.93,2,ORD-5620,ORD-5494,FLOW,FLOW,BID
39.09257989528969,99.93,2,ORD-5628,ORD-5494,FLOW,FLOW,BID
39.09257989528969,99.91,3,ORD-5631,ORD-5629,FUND_ADAPT,MM,ASK
39.14267836235408,99.92,3,ORD-5635,ORD-5634,FLOW,MM,BID
39.160980819148506,99.91,3,ORD-5640,ORD-5638,FUND_ADAPT,MM,ASK
39.163474023225056,99.9,1,ORD-5641,ORD-5476,FLOW,FLOW,ASK
39.292623756908185,99.91,1,ORD-5653,ORD-5652,FLOW,MM,BID
39.55904394165086,99.92,2,ORD-5691,ORD-5647,FLOW,FLOW,BID
39.55904394165086,99.92,1,ORD-5691,ORD-5676,FLOW,FLOW,BID
39.55904394165086,99.92,1,ORD-5691,ORD-5690,FLOW,MM,BID
39.675716067980815,99.91,1,ORD-5694,ORD-5692,FLOW,MM,ASK
39.70550201503577,99.91,3,ORD-5708,ORD-5706,FUND_ADAPT,MM,ASK
39.70730193976748,99.93,3,ORD-5709,ORD-5707,FLOW,MM,BID
39.70730193976748,99.91,3,ORD-5712,ORD-5710,FUND_ADAPT,MM,ASK
39.714307015207034,99.93,3,ORD-5713,ORD-5711,FLOW,MM,BID
39.714307015207034,99.93,2,ORD-5716,ORD-5713,FUND_ADAPT,FLOW,ASK
39.748118256929416,99.92,3,ORD-5724,ORD-5723,FUND_ADAPT,MM,BID
39.74831715260711,99.93,1,ORD-5725,ORD-5721,FLOW,FLOW,BID
39.75290096140502,99.91,3,ORD-5728,ORD-5726,FLOW,MM,ASK
39.83055020514858,99.92,3,ORD-5740,ORD-5739,FUND_ADAPT,MM,BID
39.903062284499235,99.93,1,ORD-5747,ORD-5721,FLOW,FLOW,BID
39.931714819936985,99.93,1,ORD-5750,ORD-5741,FLOW,FLOW,BID
40.02001907907338,99.93,2,ORD-5758,ORD-5741,FLOW,FLOW,BID
40.02001907907338,99.93,1,ORD-5758,ORD-5757,FLOW,MM,BID
40.15645697323353,99.92,2,ORD-5766,ORD-5764,FLOW,MM,ASK
40.189486430290714,99.94,2,ORD-5771,ORD-5446,FLOW,FLOW,BID
40.394460611752784,99.94,1,ORD-5791,ORD-5446,FLOW,FLOW,BID
40.496965737597336,99.91,3,ORD-5805,ORD-5744,FLOW,FLOW,ASK
40.496965737597336,99.91,1,ORD-5805,ORD-5774,FLOW,FLOW,ASK
40.56292471690811,99.94,1,ORD-5813,ORD-5446,FLOW,FLOW,BID
40.56292471690811,99.94,2,ORD-5816,ORD-5473,FUND_ADAPT,FLOW,BID
40.56292471690811,99.94,2,ORD-5816,ORD-5503,FUND_ADAPT,FLOW,BID
40.66109222326497,99.94,2,ORD-5817,ORD-5503,FLOW,FLOW,BID
40.66109222326497,99.94,2,ORD-5817,ORD-5606,FLOW,FLOW,BID
40.77869765843219,99.94,4,ORD-5823,ORD-5606,FUND_ADAPT,FLOW,BID
40.79094747330218,99.94,1,ORD-5824,ORD-5644,FLOW,FLOW,BID
40.79094747330218,99.94,4,ORD-5827,ORD-5658,FUND_ADAPT,FLOW,BID
40.80819433971002,99.91,2,ORD-5828,ORD-5774,FLOW,FLOW,ASK
40.80819433971002,99.91,2,ORD-5828,ORD-5779,FLOW,FLOW,ASK
40.80819433971002,99.94,1,ORD-5831,ORD-5658,FUND_ADAPT,FLOW,BID
40.80819433971002,99.94,1,ORD-5831,ORD-5673,FUND_ADAPT,FLOW,BID
40.80819433971002,99.94,2,ORD-5831,ORD-5685,FUND_ADAPT,FLOW,BID
40.811081721290016,99.94,1,ORD-5832,ORD-5685,FLOW,FLOW,BID
40.811081721290016,99.94,1,ORD-5832,ORD-5802,FLOW,FLOW,BID
40.811081721290016,99.94,1,ORD-5832,ORD-5820,FLOW,FLOW,BID
40.820559171962955,99.94,4,ORD-5838,ORD-5820,FUND_ADAPT,FLOW,BID
40.936205389530286,99.94,3,ORD-5853,ORD-5852,FLOW,MM,BID
41.09844662141118,99.93,3,ORD-5865,ORD-5863,FLOW,MM,ASK
41.11907148232572,99.92,4,ORD-5868,ORD-5859,FLOW,FLOW,ASK
41.164340574143566,99.94,3,ORD-5874,ORD-5873,FLOW,MM,BID
41.19885614703708,99.95,1,ORD-5882,ORD-4981,FLOW,FLOW,BID
41.19885614703708,99.95,1,ORD-5882,ORD-5050,FLOW,FLOW,BID
41.19885614703708,99.95,1,ORD-5882,ORD-5109,FLOW,FLOW,BID
41.255339442609646,99.95,2,ORD-5891,ORD-5109,FLOW,FLOW,BID
41.255339442609646,99.95,1,ORD-5891,ORD-5118,FLOW,FLOW,BID
41.414455319430765,99.95,3,ORD-5907,ORD-5118,FLOW,FLOW,BID
41.517456748444324,99.94,1,ORD-5912,ORD-5910,FLOW,MM,ASK
41.527972640668246,99.95,3,ORD-5915,ORD-5216,FLOW,FLOW,BID
41.65639946798028,99.95,1,ORD-5928,ORD-5216,FLOW,FLOW,BID
41.71411937484499,99.93,1,ORD-5934,ORD-5885,FLOW,FLOW,ASK
41.71411937484499,99.93,2,ORD-5934,ORD-5888,FLOW,FLOW,ASK
41.71411937484499,99.93,1,ORD-5934,ORD-5932,FLOW,MM,ASK
41.7876906439269,99.95,1,ORD-5939,ORD-5216,FLOW,FLOW,BID
41.7876906439269,99.95,2,ORD-5939,ORD-5262,FLOW,FLOW,BID
41.800473171201354,99.95,3,ORD-5947,ORD-5262,FUND_ADAPT,FLOW,BID
41.800473171201354,99.95,1,ORD-5947,ORD-5562,FUND_ADAPT,FLOW,BID
41.90575680933041,99.95,2,ORD-5957,ORD-5562,FLOW,FLOW,BID
41.90575680933041,99.95,3,ORD-5957,ORD-5956,FLOW,MM,BID
42.01263779602167,99.96,3,ORD-5966,ORD-4685,FLOW,FLOW,BID
42.14411733514194,99.96,3,ORD-5972,ORD-4685,FLOW,FLOW,BID
42.14411733514194,99.96,2,ORD-5972,ORD-5019,FLOW,FLOW,BID
42.205473411704105,99.95,3,ORD-5988,ORD-5986,FLOW,MM,ASK
42.24778849000234,99.96,2,ORD-5993,ORD-5019,FUND_ADAPT,FLOW,BID
42.24778849000234,99.96,1,ORD-5993,ORD-5025,FUND_ADAPT,FLOW,BID
42.24778849000234,99.96,1,ORD-5993,ORD-5203,FUND_ADAPT,FLOW,BID
42.27389649313846,99.96,1,ORD-5996,ORD-5223,FUND_ADAPT,FLOW,BID
42.27389649313846,99.96,3,ORD-5996,ORD-5329,FUND_ADAPT,FLOW,BID
42.332025314129304,99.96,1,ORD-5999,ORD-5329,FLOW,FLOW,BID
42.33217395219116,99.96,4,ORD-6004,ORD-5388,FUND_ADAPT,FLOW,BID
42.39449019253672,99.96,2,ORD-6011,ORD-5470,FUND_ADAPT,FLOW,BID
42.39449019253672,99.96,2,ORD-6011,ORD-5540,FUND_ADAPT,FLOW,BID
42.39708102284949,99.96,3,ORD-6014,ORD-5540,FUND_ADAPT,FLOW,BID
42.39708102284949,99.96,1,ORD-6014,ORD-5632,FUND_ADAPT,FLOW,BID
42.4043946305874,99.96,3,ORD-6019,ORD-5632,FUND_ADAPT,FLOW,BID
42.4043946305874,99.96,1,ORD-6019,ORD-5839,FUND_ADAPT,FLOW,BID
42.41024309543085,99.96,1,ORD-6022,ORD-5839,FUND_ADAPT,FLOW,BID
42.41024309543085,99.96,3,ORD-6022,ORD-6008,FUND_ADAPT,FLOW,BID
42.41653623914472,99.94,2,ORD-6023,ORD-5960,FLOW,FLOW,ASK
42.41653623914472,99.96,2,ORD-6026,ORD-6008,FUND_ADAPT,FLOW,BID
42.41653623914472,99.96,2,ORD-6026,ORD-6025,FUND_ADAPT,MM,BID
42.42845375440276,99.94,1,ORD-6027,ORD-5960,FLOW,FLOW,ASK
42.42845375440276,99.94,3,ORD-6027,ORD-5985,FLOW,FLOW,ASK
42.4594445506303,99.97,1,ORD-6040,ORD-4961,FLOW,FLOW,BID
42.52472991554998,99.95,3,ORD-6043,ORD-6041,FLOW,MM,ASK
42.631069268396075,99.95,1,ORD-6051,ORD-6043,FUND_ADAPT,FLOW,BID
42.63632275012733,99.96,1,ORD-6052,ORD-6048,FLOW,FLOW,BID
42.63632275012733,99.96,2,ORD-6055,ORD-6048,FUND_ADAPT,FLOW,BID
42.63632275012733,99.96,2,ORD-6055,ORD-6054,FUND_ADAPT,MM,BID
42.686122690276605,99.97,1,ORD-6062,ORD-4961,FLOW,FLOW,BID
42.686122690276605,99.97,1,ORD-6062,ORD-5081,FLOW,FLOW,BID
42.7536162623774,99.95,1,ORD-6068,ORD-6059,FLOW,FLOW,ASK
42.758599928139965,99.97,4,ORD-6071,ORD-5081,FLOW,FLOW,BID
42.798634991466926,99.97,2,ORD-6079,ORD-6065,FLOW,FLOW,BID
42.80113053184793,99.97,1,ORD-6082,ORD-6065,FLOW,FLOW,BID
42.80113053184793,99.97,1,ORD-6082,ORD-6081,FLOW,MM,BID
42.80884432662969,99.98,1,ORD-6088,ORD-3413,FLOW,FLOW,BID
42.83478809251045,99.97,3,ORD-6101,ORD-6099,FUND_ADAPT,MM,ASK
42.841251701659424,99.96,4,ORD-6104,ORD-6085,FUND_ADAPT,FLOW,ASK
42.853209200895705,99.96,1,ORD-6105,ORD-6085,FLOW,FLOW,ASK
42.853209200895705,99.96,1,ORD-6108,ORD-6085,FUND_ADAPT,FLOW,ASK
42.853209200895705,99.96,3,ORD-6108,ORD-6106,FUND_ADAPT,MM,ASK
42.86613121011254,99.95,3,ORD-6112,ORD-6059,FUND_ADAPT,FLOW,ASK
42.86613121011254,99.95,1,ORD-6112,ORD-6110,FUND_ADAPT,MM,ASK
43.05354007587777,99.95,2,ORD-6133,ORD-6113,FLOW,FLOW,ASK
43.33675806874298,99.96,3,ORD-6161,ORD-6139,FLOW,FLOW,BID
43.51907308772451,99.96,2,ORD-6178,ORD-6139,FLOW,FLOW,BID
43.51907308772451,99.96,2,ORD-6178,ORD-6156,FLOW,FLOW,BID
43.52576498712313,99.96,2,ORD-6181,ORD-6156,FLOW,FLOW,BID
43.54255359143135,99.96,1,ORD-6184,ORD-6156,FLOW,FLOW,BID
43.673012392958846,99.96,1,ORD-6187,ORD-6156,FLOW,FLOW,BID
43.673012392958846,99.96,3,ORD-6187,ORD-6186,FLOW,MM,BID
43.720499375326824,99.95,4,ORD-6193,ORD-6113,FUND_ADAPT,FLOW,ASK
43.81744992165734,99.96,1,ORD-6203,ORD-6202,FLOW,MM,BID
43.96934769963695,99.96,2,ORD-6222,ORD-6219,FLOW,FLOW,BID
43.971416747576455,99.96,3,ORD-6228,ORD-6225,FLOW,FLOW,BID
43.971416747576455,99.96,1,ORD-6228,ORD-6227,FLOW,MM,BID
43.971416747576455,99.95,3,ORD-6231,ORD-6229,FUND_ADAPT,MM,ASK
44.036346882446054,99.94,3,ORD-6234,ORD-6005,FLOW,FLOW,ASK
44.0995119987705,99.96,3,ORD-6241,ORD-6240,FLOW,MM,BID
44.10741835226807,99.95,3,ORD-6247,ORD-6245,FUND_ADAPT,MM,ASK
44.112709596237885,99.97,2,ORD-6248,ORD-6119,FLOW,FLOW,BID
44.27212040108365,99.96,3,ORD-6259,ORD-6258,FLOW,MM,BID
44.27212040108365,99.96,1,ORD-6262,ORD-6259,FUND_ADAPT,FLOW,ASK
44.27212040108365,99.96,3,ORD-6262,ORD-6260,FUND_ADAPT,MM,ASK
44.445084035787886,99.96,3,ORD-6283,ORD-6266,FLOW,FLOW,BID
44.445084035787886,99.96,1,ORD-6283,ORD-6272,FLOW,FLOW,BID
44.45244147710079,99.94,1,ORD-6286,ORD-6005,FLOW,FLOW,ASK
44.546279902973204,99.94,1,ORD-6295,ORD-6005,FLOW,FLOW,ASK
44.546279902973204,99.94,2,ORD-6295,ORD-6037,FLOW,FLOW,ASK
44.732570707961585,99.96,1,ORD-6325,ORD-6272,FLOW,FLOW,BID
44.78871773467558,99.96,2,ORD-6343,ORD-6272,FLOW,FLOW,BID
44.78871773467558,99.96,2,ORD-6343,ORD-6275,FLOW,FLOW,BID
44.802509981815334,99.94,1,ORD-6349,ORD-6037,FLOW,FLOW,ASK
44.929136819348116,99.96,4,ORD-6359,ORD-6303,FLOW,FLOW,BID
44.96538467983782,99.96,2,ORD-6362,ORD-6328,FLOW,FLOW,BID
44.96538467983782,99.96,2,ORD-6362,ORD-6361,FLOW,MM,BID
44.985104210727734,99.96,3,ORD-6365,ORD-6364,FLOW,MM,BID
44.985104210727734,99.97,1,ORD-6365,ORD-6119,FLOW,FLOW,BID
45.02228341441243,99.97,2,ORD-6371,ORD-6316,FLOW,FLOW,BID
45.02228341441243,99.97,1,ORD-6371,ORD-6331,FLOW,FLOW,BID
45.02228341441243,99.97,1,ORD-6371,ORD-6370,FLOW,MM,BID
45.02228341441243,99.96,3,ORD-6374,ORD-6372,FUND_ADAPT,MM,ASK
45.06605642599144,99.97,2,ORD-6384,ORD-6375,FLOW,FLOW,BID
45.12432492762316,99.95,3,ORD-6395,ORD-6393,FUND_ADAPT,MM,ASK
45.1292477858251,99.97,3,ORD-6396,ORD-6375,FLOW,FLOW,BID
45.1292477858251,99.97,1,ORD-6396,ORD-6378,FLOW,FLOW,BID
45.29611128482426,99.96,3,ORD-6410,ORD-6409,FLOW,MM,BID
45.29611128482426,99.97,1,ORD-6410,ORD-6378,FLOW,FLOW,BID
45.36879372353427,99.95,3,ORD-6425,ORD-6423,FUND_ADAPT,MM,ASK
45.49327819646174,99.96,3,ORD-6434,ORD-6433,FLOW,MM,BID
45.49327819646174,99.97,1,ORD-6434,ORD-6378,FLOW,FLOW,BID
45.49327819646174,99.95,3,ORD-6437,ORD-6435,FUND_ADAPT,MM,ASK
45.504323472537926,99.97,2,ORD-6438,ORD-6378,FLOW,FLOW,BID
45.504323472537926,99.97,2,ORD-6438,ORD-6389,FLOW,FLOW,BID
45.52190916169409,99.96,1,ORD-6441,ORD-6440,FLOW,MM,BID
45.559757213725106,99.96,1,ORD-6449,ORD-6448,FLOW,MM,BID
45.592113973378545,99.94,3,ORD-6460,ORD-6037,FUND_ADAPT,FLOW,ASK
45.592113973378545,99.94,1,ORD-6460,ORD-6148,FUND_ADAPT,FLOW,ASK
45.61383779569338,99.94,2,ORD-6464,ORD-6148,FUND_ADAPT,FLOW,ASK
45.61383779569338,99.94,2,ORD-6464,ORD-6153,FUND_ADAPT,FLOW,ASK
45.6197986409749,99.94,3,ORD-6468,ORD-6153,FUND_ADAPT,FLOW,ASK
45.6197986409749,99.94,1,ORD-6468,ORD-6173,FUND_ADAPT,FLOW,ASK
45.624687851667176,99.94,2,ORD-6469,ORD-6173,FLOW,FLOW,ASK
45.631120666363046,99.94,2,ORD-6474,ORD-6173,FUND_ADAPT,FLOW,ASK
45.631120666363046,99.94,6,ORD-6474,ORD-6214,FUND_ADAPT,FLOW,ASK
45.65947736306656,99.96,1,ORD-6475,ORD-6473,FLOW,MM,BID
45.65947736306656,99.95,3,ORD-6478,ORD-6476,FUND_ADAPT,MM,ASK
45.66348961005658,99.97,1,ORD-6479,ORD-6389,FLOW,FLOW,BID
45.66348961005658,99.97,2,ORD-6479,ORD-6399,FLOW,FLOW,BID
45.68128873891387,99.96,3,ORD-6485,ORD-6484,FLOW,MM,BID
45.70562936347538,99.97,2,ORD-6488,ORD-6399,FLOW,FLOW,BID
45.70562936347538,99.95,3,ORD-6491,ORD-6489,FUND_ADAPT,MM,ASK
45.72023321509062,99.94,5,ORD-6494,ORD-6298,FUND_ADAPT,FLOW,ASK
45.72023321509062,99.94,1,ORD-6494,ORD-6319,FUND_ADAPT,FLOW,ASK
45.72023321509062,99.94,2,ORD-6494,ORD-6404,FUND_ADAPT,FLOW,ASK
45.790983499349686,99.94,2,ORD-6498,ORD-6404,FLOW,FLOW,ASK
45.790983499349686,99.94,3,ORD-6501,ORD-6413,FUND_ADAPT,FLOW,ASK
45.790983499349686,99.94,3,ORD-6501,ORD-6499,FUND_ADAPT,MM,ASK
45.808060085154175,99.96,1,ORD-6502,ORD-6500,FLOW,MM,BID
45.85840463158933,99.93,2,ORD-6510,ORD-5944,FUND_ADAPT,FLOW,ASK
45.85840463158933,99.93,1,ORD-6510,ORD-6034,FUND_ADAPT,FLOW,ASK
45.85840463158933,99.93,1,ORD-6510,ORD-6190,FUND_ADAPT,FLOW,ASK
45.89799369807608,99.93,2,ORD-6514,ORD-6211,FUND_ADAPT,FLOW,ASK
45.89799369807608,99.93,1,ORD-6514,ORD-6244,FUND_ADAPT,FLOW,ASK
45.89799369807608,99.93,1,ORD-6514,ORD-6256,FUND_ADAPT,FLOW,ASK
45.92819234360856,99.93,1,ORD-6517,ORD-6256,FLOW,FLOW,ASK
45.92819234360856,99.93,1,ORD-6517,ORD-6340,FLOW,FLOW,ASK
45.92819234360856,99.93,2,ORD-6517,ORD-6352,FLOW,FLOW,ASK
45.92819234360856,99.93,1,ORD-6520,ORD-6352,FUND_ADAPT,FLOW,ASK
45.92819234360856,99.93,3,ORD-6520,ORD-6368,FUND_ADAPT,FLOW,ASK
45.9360764111455,99.93,3,ORD-6525,ORD-6368,FUND_ADAPT,FLOW,ASK
45.9360764111455,99.93,1,ORD-6525,ORD-6419,FUND_ADAPT,FLOW,ASK
45.94084855704851,99.93,4,ORD-6529,ORD-6419,FUND_ADAPT,FLOW,ASK
45.95467943651008,99.93,4,ORD-6533,ORD-6507,FUND_ADAPT,FLOW,ASK
45.96003274880066,99.93,2,ORD-6534,ORD-6507,FLOW,FLOW,ASK
45.96003274880066,99.93,1,ORD-6537,ORD-6511,FUND_ADAPT,FLOW,ASK
45.96003274880066,99.93,3,ORD-6537,ORD-6535,FUND_ADAPT,MM,ASK
45.96644219820675,99.95,3,ORD-6538,ORD-6536,FLOW,MM,BID
45.99046685173609,99.93,3,ORD-6544,ORD-6542,FUND_ADAPT,MM,ASK
46.0462058882681,99.94,1,ORD-6547,ORD-6546,FLOW,MM,BID
46.04901690250579,99.92,1,ORD-6553,ORD-5859,FUND_ADAPT,FLOW,ASK
46.04901690250579,99.92,3,ORD-6553,ORD-5871,FUND_ADAPT,FLOW,ASK
46.09490007475661,99.92,2,ORD-6554,ORD-5871,FLOW,FLOW,ASK
46.09490007475661,99.92,1,ORD-6554,ORD-5921,FLOW,FLOW,ASK
46.09490007475661,99.92,3,ORD-6557,ORD-6130,FUND_ADAPT,FLOW,ASK
46.09490007475661,99.92,1,ORD-6557,ORD-6142,FUND_ADAPT,FLOW,ASK
46.09798464708165,99.94,1,ORD-6558,ORD-6556,FLOW,MM,BID
46.15966319974065,99.92,3,ORD-6564,ORD-6142,FUND_ADAPT,FLOW,ASK
46.15966319974065,99.92,1,ORD-6564,ORD-6167,FUND_ADAPT,FLOW,ASK
46.16221799922677,99.94,1,ORD-6565,ORD-6563,FLOW,MM,BID
46.16455775975302,99.93,3,ORD-6571,ORD-6569,FUND_ADAPT,MM,ASK
46.16824659532181,99.92,1,ORD-6575,ORD-6200,FUND_ADAPT,FLOW,ASK
46.16824659532181,99.92,3,ORD-6575,ORD-6251,FUND_ADAPT,FLOW,ASK
46.231904911206655,99.94,1,ORD-6576,ORD-6574,FLOW,MM,BID
46.231904911206655,99.92,3,ORD-6579,ORD-6263,FUND_ADAPT,FLOW,ASK
46.231904911206655,99.92,1,ORD-6579,ORD-6278,FUND_ADAPT,FLOW,ASK
46.234088619306675,99.92,3,ORD-6582,ORD-6278,FUND_ADAPT,FLOW,ASK
46.234088619306675,99.92,1,ORD-6582,ORD-6313,FUND_ADAPT,FLOW,ASK
46.2736855551861,99.94,3,ORD-6583,ORD-6581,FLOW,MM,BID
46.2736855551861,99.96,1,ORD-6583,ORD-6572,FLOW,FLOW,BID
46.30115506902858,99.94,3,ORD-6586,ORD-6585,FLOW,MM,BID
46.30115506902858,99.96,1,ORD-6586,ORD-6572,FLOW,FLOW,BID
46.30115506902858,99.93,3,ORD-6589,ORD-6587,FUND_ADAPT,MM,ASK
46.307227450299884,99.94,3,ORD-6592,ORD-6591,FLOW,MM,BID
46.307227450299884,99.96,1,ORD-6592,ORD-6572,FLOW,FLOW,BID
46.31804858229266,99.95,1,ORD-6595,ORD-6594,FLOW,MM,BID
46.48815655373698,99.93,3,ORD-6615,ORD-6613,FUND_ADAPT,MM,ASK
46.53078490945538,99.92,3,ORD-6618,ORD-6313,FUND_ADAPT,FLOW,ASK
46.53078490945538,99.92,1,ORD-6618,ORD-6346,FUND_ADAPT,FLOW,ASK
46.645540766931326,99.92,1,ORD-6637,ORD-6346,FLOW,FLOW,ASK
46.645540766931326,99.92,3,ORD-6637,ORD-6381,FLOW,FLOW,ASK
46.89548604582841,99.94,4,ORD-6675,ORD-6624,FLOW,FLOW,BID
47.007577687576024,99.92,3,ORD-6683,ORD-6381,FLOW,FLOW,ASK
47.01727279126229,99.94,2,ORD-6686,ORD-6624,FLOW,FLOW,BID
47.01727279126229,99.94,1,ORD-6686,ORD-6644,FLOW,FLOW,BID
47.01727279126229,99.94,1,ORD-6686,ORD-6678,FLOW,FLOW,BID
47.02606753047306,99.92,2,ORD-6689,ORD-6392,FLOW,FLOW,ASK
47.03849110768494,99.92,1,ORD-6692,ORD-6426,FLOW,FLOW,ASK
47.076514299316536,99.94,2,ORD-6698,ORD-6678,FLOW,FLOW,BID
47.13069595430566,99.94,1,ORD-6704,ORD-6678,FLOW,FLOW,BID
47.13610049248221,99.94,1,ORD-6707,ORD-6678,FLOW,FLOW,BID
47.162739508998165,99.94,1,ORD-6710,ORD-6678,FLOW,FLOW,BID
47.162739508998165,99.94,3,ORD-6710,ORD-6709,FLOW,MM,BID
47.22428074735994,99.94,2,ORD-6716,ORD-6710,FUND_ADAPT,FLOW,ASK
47.22428074735994,99.94,2,ORD-6716,ORD-6714,FUND_ADAPT,MM,ASK
47.25127944099171,99.94,3,ORD-6720,ORD-6719,FLOW,MM,BID
47.26769988923533,99.95,3,ORD-6723,ORD-6598,FLOW,FLOW,BID
47.26769988923533,99.94,2,ORD-6726,ORD-6720,FUND_ADAPT,FLOW,ASK
47.26769988923533,99.94,2,ORD-6726,ORD-6724,FUND_ADAPT,MM,ASK
47.31910253362969,99.94,3,ORD-6739,ORD-6738,FLOW,MM,BID
47.31910253362969,99.95,1,ORD-6739,ORD-6598,FLOW,FLOW,BID
47.37280478921497,99.93,3,ORD-6752,ORD-6750,FUND_ADAPT,MM,ASK
47.387222499569106,99.94,2,ORD-6756,ORD-6755,FLOW,MM,BID
47.41497395920716,99.93,3,ORD-6762,ORD-6760,FUND_ADAPT,MM,ASK
47.46444295705443,99.92,4,ORD-6766,ORD-6457,FUND_ADAPT,FLOW,ASK
47.47800524158563,99.92,1,ORD-6770,ORD-6457,FUND_ADAPT,FLOW,ASK
47.47800524158563,99.92,2,ORD-6770,ORD-6561,FUND_ADAPT,FLOW,ASK
47.47800524158563,99.92,1,ORD-6770,ORD-6607,FUND_ADAPT,FLOW,ASK
47.487731327628154,99.92,4,ORD-6773,ORD-6607,FUND_ADAPT,FLOW,ASK
47.5036695943967,99.92,1,ORD-6777,ORD-6607,FUND_ADAPT,FLOW,ASK
47.5036695943967,99.92,2,ORD-6777,ORD-6666,FUND_ADAPT,FLOW,ASK
47.5036695943967,99.92,1,ORD-6777,ORD-6733,FUND_ADAPT,FLOW,ASK
47.556937950842205,99.94,3,ORD-6785,ORD-6784,FLOW,MM,BID
47.562548147934855,99.93,3,ORD-6788,ORD-6786,FLOW,MM,ASK
47.722985176965416,99.93,1,ORD-6807,ORD-6788,FLOW,FLOW,BID
47.722985176965416,99.93,3,ORD-6807,ORD-6806,FLOW,MM,BID
47.73858681577036,99.95,1,ORD-6810,ORD-6598,FLOW,FLOW,BID
47.74176698951667,99.95,1,ORD-6813,ORD-6598,FLOW,FLOW,BID
47.762596721611494,99.95,2,ORD-6818,ORD-6647,FLOW,FLOW,BID
47.822814603163074,99.93,3,ORD-6830,ORD-6828,FLOW,MM,ASK
47.851338020762554,99.93,3,ORD-6833,ORD-6831,FLOW,MM,ASK
47.851338020762554,99.92,1,ORD-6833,ORD-6733,FLOW,FLOW,ASK
47.93954930667248,99.92,4,ORD-6839,ORD-6736,FUND_ADAPT,FLOW,ASK
48.016126909524395,99.92,5,ORD-6845,ORD-6744,FUND_ADAPT,FLOW,ASK
48.016126909524395,99.92,3,ORD-6845,ORD-6763,FUND_ADAPT,FLOW,ASK
48.04127513713253,99.92,1,ORD-6849,ORD-6846,FLOW,FLOW,ASK
48.1278331171453,99.92,1,ORD-6857,ORD-6846,FUND_ADAPT,FLOW,ASK
48.1278331171453,99.92,3,ORD-6857,ORD-6855,FUND_ADAPT,MM,ASK
48.14038746866431,99.94,3,ORD-6858,ORD-6856,FLOW,MM,BID
48.14038746866431,99.91,3,ORD-6861,ORD-5779,FUND_ADAPT,FLOW,ASK
48.14038746866431,99.91,1,ORD-6861,ORD-5850,FUND_ADAPT,FLOW,ASK
48.141483838252995,99.91,4,ORD-6864,ORD-5850,FUND_ADAPT,FLOW,ASK
48.24093345688585,99.91,1,ORD-6870,ORD-5850,FUND_ADAPT,FLOW,ASK
48.24093345688585,99.91,3,ORD-6870,ORD-5862,FUND_ADAPT,FLOW,ASK
48.27557074439741,99.91,2,ORD-6874,ORD-5862,FUND_ADAPT,FLOW,ASK
48.27557074439741,99.91,2,ORD-6874,ORD-5879,FUND_ADAPT,FLOW,ASK
48.32324671353236,99.93,3,ORD-6877,ORD-6876,FLOW,MM,BID
48.32324671353236,99.95,1,ORD-6877,ORD-6836,FLOW,FLOW,BID
48.373635510512386,99.92,3,ORD-6882,ORD-6880,FUND_ADAPT,MM,ASK
48.38686602869617,99.94,3,ORD-6883,ORD-6881,FLOW,MM,BID
