timestamp,price,qty,taker_order_id,maker_order_id,taker_owner,maker_owner,taker_side
0.07459248863293023,100.01,3,ORD-17,ORD-2,FLOW,FLOW,BID
0.10362356349978918,100.01,2,ORD-20,ORD-2,FLOW,FLOW,BID
0.20558743168218618,100.0,1,ORD-28,ORD-27,FLOW,MM,BID
0.21740452260544424,100.01,2,ORD-31,ORD-2,FLOW,FLOW,BID
0.29010898711878397,99.98,3,ORD-41,ORD-39,FLOW,MM,ASK
0.3100068578108447,99.97,1,ORD-44,ORD-42,FLOW,MM,ASK
0.3100068578108447,99.99,3,ORD-47,ORD-46,FUND_ADAPT,MM,BID
0.3989974025976748,99.97,1,ORD-48,ORD-45,FLOW,MM,ASK
0.4053742476355968,99.99,3,ORD-54,ORD-53,FUND_ADAPT,MM,BID
0.5198633779853925,100.01,2,ORD-73,ORD-2,FLOW,FLOW,BID
0.555164074046478,99.98,2,ORD-78,ORD-76,FLOW,MM,ASK
0.5563635864438063,100.0,3,ORD-81,ORD-80,FLOW,MM,BID
0.5563635864438063,100.01,1,ORD-81,ORD-2,FLOW,FLOW,BID
0.6889787461004196,100.0,1,ORD-84,ORD-83,FLOW,MM,BID
0.810203026838618,99.98,3,ORD-95,ORD-93,FLOW,MM,ASK
0.810203026838618,99.96,1,ORD-95,ORD-36,FLOW,FLOW,ASK
0.9172054715232617,100.0,1,ORD-100,ORD-99,FLOW,MM,BID
0.9844761426572121,100.0,3,ORD-105,ORD-104,FLOW,MM,BID
0.9844761426572121,100.01,1,ORD-105,ORD-2,FLOW,FLOW,BID
1.0003678054143237,100.0,2,ORD-108,ORD-107,FLOW,MM,BID
1.1926775124341795,100.01,4,ORD-120,ORD-2,FUND_ADAPT,FLOW,BID
1.2331096967346729,100.0,1,ORD-123,ORD-121,FLOW,MM,ASK
1.2787407572600797,100.0,3,ORD-129,ORD-127,FLOW,MM,ASK
1.3987386959863204,100.01,5,ORD-134,ORD-2,FLOW,FLOW,BID
1.3987386959863204,100.01,1,ORD-134,ORD-51,FLOW,FLOW,BID
1.4198264796596571,100.0,3,ORD-140,ORD-138,FLOW,MM,ASK
1.4198264796596571,100.01,2,ORD-143,ORD-51,FUND_ADAPT,FLOW,BID
1.4198264796596571,100.01,2,ORD-143,ORD-58,FUND_ADAPT,FLOW,BID
1.4561916180183594,100.01,4,ORD-147,ORD-58,FUND_ADAPT,FLOW,BID
1.5468624309995354,100.0,3,ORD-156,ORD-155,FUND_ADAPT,MM,BID
1.6249999431013094,100.01,1,ORD-167,ORD-165,FLOW,MM,ASK
1.670877144321018,100.01,1,ORD-170,ORD-168,FLOW,MM,ASK
1.690362226232722,100.02,4,ORD-175,ORD-4,FLOW,FLOW,BID
1.701777444702743,100.01,3,ORD-178,ORD-176,FLOW,MM,ASK
1.7311088912014299,100.02,1,ORD-181,ORD-4,FLOW,FLOW,BID
1.8454884700402336,100.0,2,ORD-199,ORD-197,FLOW,MM,ASK
1.8674685805458742,99.98,1,ORD-204,ORD-202,FLOW,MM,ASK
1.8674685805458742,99.99,3,ORD-207,ORD-206,FUND_ADAPT,MM,BID
1.8990577010497243,100.0,2,ORD-210,ORD-209,FLOW,MM,BID
1.9773282576600955,100.0,3,ORD-215,ORD-214,FLOW,MM,BID
1.9773282576600955,99.99,3,ORD-218,ORD-216,FUND_ADAPT,MM,ASK
2.0148011044590284,100.02,3,ORD-225,ORD-223,FUND_ADAPT,MM,ASK
2.02395903577113,100.01,3,ORD-229,ORD-222,FUND_ADAPT,FLOW,ASK
2.02395903577113,100.01,3,ORD-229,ORD-227,FUND_ADAPT,MM,ASK
2.02475692050629,100.0,1,ORD-230,ORD-219,FLOW,FLOW,ASK
2.02475692050629,100.0,3,ORD-233,ORD-219,FUND_ADAPT,FLOW,ASK
2.02475692050629,100.0,1,ORD-233,ORD-226,FUND_ADAPT,FLOW,ASK
2.0562841143724624,100.0,3,ORD-239,ORD-238,FLOW,MM,BID
2.0652893126324288,100.01,2,ORD-242,ORD-241,FLOW,MM,BID
2.0810249197005053,99.99,3,ORD-247,ORD-245,FUND_ADAPT,MM,ASK
2.2283232171791223,99.97,4,ORD-253,ORD-236,FLOW,FLOW,ASK
2.2610206289461905,99.97,1,ORD-256,ORD-236,FLOW,FLOW,ASK
2.2610206289461905,99.98,3,ORD-259,ORD-258,FUND_ADAPT,MM,BID
2.311713132341957,99.99,2,ORD-268,ORD-265,FLOW,FLOW,BID
2.3539160666022725,99.97,1,ORD-279,ORD-236,FLOW,FLOW,ASK
2.3539160666022725,99.97,2,ORD-279,ORD-277,FLOW,MM,ASK
2.3642557596868494,99.98,1,ORD-282,ORD-281,FLOW,MM,BID
2.3642557596868494,99.98,3,ORD-285,ORD-284,FUND_ADAPT,MM,BID
2.388119059170218,99.96,1,ORD-286,ORD-260,FLOW,FLOW,ASK
2.388119059170218,99.98,3,ORD-289,ORD-288,FUND_ADAPT,MM,BID
2.4776306074554517,100.0,3,ORD-301,ORD-299,FUND_ADAPT,MM,ASK
2.5249311475190312,99.96,2,ORD-302,ORD-260,FLOW,FLOW,ASK
2.5249311475190312,99.96,1,ORD-302,ORD-273,FLOW,FLOW,ASK
2.5249311475190312,99.98,3,ORD-305,ORD-303,FUND_ADAPT,MM,ASK
2.541047224943499,99.99,3,ORD-309,ORD-308,FLOW,MM,BID
2.558498997421822,99.98,3,ORD-315,ORD-313,FUND_ADAPT,MM,ASK
2.6112083664853785,99.98,3,ORD-324,ORD-322,FUND_ADAPT,MM,ASK
2.737317145548075,99.98,3,ORD-336,ORD-335,FLOW,MM,BID
2.7998709231719605,99.96,4,ORD-342,ORD-273,FLOW,FLOW,ASK
2.833491763468074,99.98,3,ORD-353,ORD-352,FUND_ADAPT,MM,BID
2.8975147029881754,99.99,4,ORD-360,ORD-333,FLOW,FLOW,BID
2.977832510742263,99.97,3,ORD-371,ORD-369,FLOW,MM,ASK
2.977832510742263,99.96,1,ORD-371,ORD-298,FLOW,FLOW,ASK
3.034823428609548,99.98,2,ORD-377,ORD-374,FLOW,FLOW,BID
3.034823428609548,99.98,1,ORD-380,ORD-374,FUND_ADAPT,FLOW,BID
3.034823428609548,99.98,3,ORD-380,ORD-379,FUND_ADAPT,MM,BID
3.0893486059132327,99.97,2,ORD-384,ORD-382,FLOW,MM,ASK
3.0893486059132327,99.98,3,ORD-387,ORD-386,FUND_ADAPT,MM,BID
3.28797012273012,99.97,3,ORD-406,ORD-404,FLOW,MM,ASK
3.321545524557696,99.98,3,ORD-412,ORD-411,FUND_ADAPT,MM,BID
3.3300224316628593,99.99,4,ORD-415,ORD-339,FUND_ADAPT,FLOW,BID
3.4850749248060313,99.99,1,ORD-426,ORD-339,FUND_ADAPT,FLOW,BID
3.4850749248060313,99.99,2,ORD-426,ORD-357,FUND_ADAPT,FLOW,BID
3.4850749248060313,99.99,3,ORD-426,ORD-425,FUND_ADAPT,MM,BID
3.50392669880721,99.98,3,ORD-435,ORD-433,FLOW,MM,ASK
3.50392669880721,99.99,3,ORD-438,ORD-437,FUND_ADAPT,MM,BID
3.5476027626605298,100.0,2,ORD-441,ORD-330,FLOW,FLOW,BID
3.5549236726566806,100.0,2,ORD-444,ORD-330,FLOW,FLOW,BID
3.5724919130600212,100.0,1,ORD-447,ORD-363,FLOW,FLOW,BID
3.583200266863091,100.0,4,ORD-450,ORD-363,FLOW,FLOW,BID
3.6150105500477445,100.0,2,ORD-455,ORD-398,FUND_ADAPT,FLOW,BID
3.6150105500477445,100.0,2,ORD-455,ORD-454,FUND_ADAPT,MM,BID
3.6469760683403467,100.0,1,ORD-456,ORD-454,FLOW,MM,BID
3.7175263541282435,100.01,4,ORD-462,ORD-368,FUND_ADAPT,FLOW,BID
3.742069979116441,99.99,2,ORD-474,ORD-472,FLOW,MM,ASK
3.789628535213211,100.01,3,ORD-482,ORD-390,FLOW,FLOW,BID
3.8369715190706497,99.99,2,ORD-490,ORD-488,FLOW,MM,ASK
3.8648818749085176,100.01,1,ORD-493,ORD-390,FLOW,FLOW,BID
4.1412972922400675,100.01,1,ORD-522,ORD-416,FLOW,FLOW,BID
4.21256426886729,100.01,1,ORD-525,ORD-416,FLOW,FLOW,BID
4.21256426886729,100.01,1,ORD-525,ORD-466,FLOW,FLOW,BID
4.21256426886729,100.02,2,ORD-525,ORD-395,FLOW,FLOW,BID
4.21256426886729,100.02,2,ORD-525,ORD-427,FLOW,FLOW,BID
4.222030852560945,100.02,1,ORD-528,ORD-427,FLOW,FLOW,BID
4.222030852560945,100.02,1,ORD-528,ORD-499,FLOW,FLOW,BID
4.260550110573701,100.0,3,ORD-533,ORD-531,FLOW,MM,ASK
4.297082688012495,100.0,3,ORD-543,ORD-541,FUND_ADAPT,MM,ASK
4.298133750688479,100.02,1,ORD-544,ORD-499,FLOW,FLOW,BID
4.298133750688479,100.02,1,ORD-544,ORD-502,FLOW,FLOW,BID
4.298133750688479,100.02,1,ORD-544,ORD-542,FLOW,MM,BID
4.298133750688479,100.0,3,ORD-547,ORD-545,FUND_ADAPT,MM,ASK
4.326472503734791,100.02,3,ORD-548,ORD-546,FLOW,MM,BID
4.326472503734791,100.03,1,ORD-548,ORD-319,FLOW,FLOW,BID
4.332094713643398,100.0,3,ORD-553,ORD-551,FUND_ADAPT,MM,ASK
4.361131524136875,99.99,1,ORD-559,ORD-496,FLOW,FLOW,ASK
4.4040972904470275,99.99,4,ORD-569,ORD-496,FLOW,FLOW,ASK
4.478751010638375,99.99,1,ORD-577,ORD-505,FLOW,FLOW,ASK
4.478751010638375,99.99,2,ORD-577,ORD-566,FLOW,FLOW,ASK
4.493277602897789,100.01,3,ORD-580,ORD-579,FLOW,MM,BID
4.493277602897789,100.03,1,ORD-580,ORD-319,FLOW,FLOW,BID
4.499914669486589,100.02,1,ORD-586,ORD-585,FLOW,MM,BID
4.535760066522181,100.0,2,ORD-592,ORD-590,FLOW,MM,ASK
4.543928511304925,100.02,3,ORD-595,ORD-594,FLOW,MM,BID
4.543928511304925,100.03,1,ORD-595,ORD-319,FLOW,FLOW,BID
4.544074071166529,100.02,3,ORD-598,ORD-597,FLOW,MM,BID
4.544074071166529,100.03,1,ORD-598,ORD-463,FLOW,FLOW,BID
4.575866732124439,100.01,3,ORD-604,ORD-602,FUND_ADAPT,MM,ASK
4.6146176434234185,100.01,3,ORD-611,ORD-608,FUND_ADAPT,FLOW,ASK
4.6146176434234185,100.01,3,ORD-611,ORD-609,FUND_ADAPT,MM,ASK
4.636758414140947,100.0,4,ORD-617,ORD-605,FUND_ADAPT,FLOW,ASK
4.642241375391285,100.0,2,ORD-618,ORD-605,FLOW,FLOW,ASK
4.642241375391285,100.0,2,ORD-618,ORD-615,FLOW,MM,ASK
4.663553073834275,99.99,4,ORD-624,ORD-583,FUND_ADAPT,FLOW,ASK
4.669872190786215,100.01,1,ORD-625,ORD-623,FLOW,MM,BID
4.669872190786215,99.99,1,ORD-628,ORD-583,FUND_ADAPT,FLOW,ASK
4.669872190786215,99.99,3,ORD-628,ORD-626,FUND_ADAPT,MM,ASK
4.71989565689743,100.0,2,ORD-633,ORD-632,FLOW,MM,BID
4.735446647032204,99.99,3,ORD-642,ORD-640,FUND_ADAPT,MM,ASK
4.769428122939947,99.98,2,ORD-645,ORD-508,FLOW,FLOW,ASK
4.769428122939947,99.98,2,ORD-645,ORD-511,FLOW,FLOW,ASK
4.824665593756756,100.0,3,ORD-651,ORD-650,FLOW,MM,BID
4.830095159446819,99.99,1,ORD-654,ORD-652,FLOW,MM,ASK
4.843142834773796,99.99,3,ORD-660,ORD-659,FUND_ADAPT,MM,BID
4.929346352080538,99.98,2,ORD-667,ORD-511,FLOW,FLOW,ASK
4.929346352080538,99.98,1,ORD-667,ORD-664,FLOW,FLOW,ASK
4.997957196807331,100.0,1,ORD-674,ORD-657,FLOW,FLOW,BID
5.0050048349380765,100.0,3,ORD-677,ORD-657,FLOW,FLOW,BID
5.03403461732012,99.98,1,ORD-685,ORD-664,FLOW,FLOW,ASK
5.03403461732012,99.98,1,ORD-685,ORD-683,FLOW,MM,ASK
5.038546848087555,99.99,2,ORD-688,ORD-687,FLOW,MM,BID
5.038546848087555,99.98,3,ORD-691,ORD-689,FUND_ADAPT,MM,ASK
5.039315031720759,100.0,3,ORD-692,ORD-690,FLOW,MM,BID
5.040540348090299,100.0,3,ORD-698,ORD-692,FUND_ADAPT,FLOW,ASK
5.042551484349603,99.99,4,ORD-702,ORD-695,FUND_ADAPT,FLOW,ASK
5.056268680607958,100.01,4,ORD-703,ORD-661,FLOW,FLOW,BID
5.060637246966291,100.01,1,ORD-706,ORD-661,FLOW,FLOW,BID
5.060637246966291,100.0,3,ORD-709,ORD-707,FUND_ADAPT,MM,ASK
5.170679949136766,100.0,3,ORD-722,ORD-721,FLOW,MM,BID
5.2183645885975976,100.01,1,ORD-728,ORD-713,FLOW,FLOW,BID
5.2183645885975976,100.01,3,ORD-728,ORD-727,FLOW,MM,BID
5.225375387372148,100.0,3,ORD-736,ORD-734,FUND_ADAPT,MM,ASK
5.24084811635809,99.99,2,ORD-743,ORD-695,FUND_ADAPT,FLOW,ASK
5.24084811635809,99.99,2,ORD-743,ORD-710,FUND_ADAPT,FLOW,ASK
5.284288140432008,100.01,3,ORD-744,ORD-742,FLOW,MM,BID
5.29060359769492,99.99,3,ORD-749,ORD-747,FUND_ADAPT,MM,ASK
5.310509029779377,99.98,1,ORD-753,ORD-719,FLOW,FLOW,ASK
5.310509029779377,99.98,2,ORD-753,ORD-751,FLOW,MM,ASK
5.322964529057739,99.99,3,ORD-756,ORD-755,FLOW,MM,BID
5.334725813021566,99.98,2,ORD-759,ORD-757,FLOW,MM,ASK
5.3711450177599644,99.99,3,ORD-765,ORD-762,FLOW,FLOW,BID
5.434562470490052,99.99,3,ORD-768,ORD-762,FLOW,FLOW,BID
5.434562470490052,99.99,1,ORD-768,ORD-767,FLOW,MM,BID
5.439717721158622,99.99,3,ORD-773,ORD-772,FUND_ADAPT,MM,BID
5.457241207433329,100.0,3,ORD-777,ORD-750,FLOW,FLOW,BID
5.512778813756076,99.99,3,ORD-789,ORD-787,FUND_ADAPT,MM,ASK
5.526302640196499,99.99,3,ORD-796,ORD-794,FUND_ADAPT,MM,ASK
5.636710418127792,99.98,4,ORD-809,ORD-793,FUND_ADAPT,FLOW,ASK
5.641932299604496,99.98,1,ORD-810,ORD-793,FLOW,FLOW,ASK
5.641932299604496,99.98,1,ORD-810,ORD-807,FLOW,MM,ASK
5.693512106429134,99.99,3,ORD-815,ORD-814,FUND_ADAPT,MM,BID
5.763106955846147,99.98,3,ORD-830,ORD-828,FLOW,MM,ASK
5.763106955846147,99.99,3,ORD-833,ORD-832,FUND_ADAPT,MM,BID
5.861082338941301,100.0,2,ORD-842,ORD-841,FLOW,MM,BID
5.881963366010991,99.98,3,ORD-848,ORD-846,FLOW,MM,ASK
5.881963366010991,99.99,3,ORD-851,ORD-850,FUND_ADAPT,MM,BID
5.904834600425974,100.01,3,ORD-852,ORD-799,FLOW,FLOW,BID
5.993523603799868,100.0,3,ORD-869,ORD-855,FLOW,FLOW,BID
5.993523603799868,100.0,1,ORD-869,ORD-866,FLOW,FLOW,BID
6.057992456106166,99.98,3,ORD-872,ORD-870,FLOW,MM,ASK
6.057992456106166,99.99,3,ORD-875,ORD-874,FUND_ADAPT,MM,BID
6.177260921484089,99.98,2,ORD-892,ORD-890,FLOW,MM,ASK
6.177260921484089,99.99,3,ORD-895,ORD-894,FUND_ADAPT,MM,BID
6.216663285460883,100.0,2,ORD-896,ORD-866,FLOW,FLOW,BID
6.407347136412425,100.0,3,ORD-908,ORD-866,FLOW,FLOW,BID
6.407347136412425,100.0,1,ORD-908,ORD-902,FLOW,FLOW,BID
6.5078278902822495,100.0,1,ORD-922,ORD-902,FLOW,FLOW,BID
6.539657290077097,100.0,1,ORD-931,ORD-902,FLOW,FLOW,BID
6.539657290077097,100.0,2,ORD-931,ORD-928,FLOW,FLOW,BID
6.539657290077097,100.0,1,ORD-931,ORD-930,FLOW,MM,BID
6.539657290077097,99.99,3,ORD-934,ORD-932,FUND_ADAPT,MM,ASK
6.603924864692252,99.98,6,ORD-953,ORD-899,FLOW,FLOW,ASK
6.919093716761106,99.98,1,ORD-968,ORD-911,FLOW,FLOW,ASK
7.126153968513839,100.0,3,ORD-985,ORD-974,FLOW,FLOW,BID
7.292613776753027,99.98,3,ORD-1018,ORD-962,FLOW,FLOW,ASK
7.299047813214187,99.98,1,ORD-1021,ORD-962,FLOW,FLOW,ASK
7.371981341427388,99.98,1,ORD-1032,ORD-962,FLOW,FLOW,ASK
7.371981341427388,99.98,1,ORD-1032,ORD-1001,FLOW,FLOW,ASK
7.432868462121192,99.98,1,ORD-1037,ORD-1001,FLOW,FLOW,ASK
7.432868462121192,99.99,3,ORD-1040,ORD-1039,FUND_ADAPT,MM,BID
7.470854443106386,99.98,2,ORD-1044,ORD-1042,FLOW,MM,ASK
7.590383276657252,100.0,1,ORD-1050,ORD-974,FLOW,FLOW,BID
7.653524121306198,99.98,3,ORD-1064,ORD-1062,FUND_ADAPT,MM,ASK
7.661385587073195,99.97,1,ORD-1065,ORD-786,FLOW,FLOW,ASK
7.771992383676043,99.99,3,ORD-1080,ORD-1079,FUND_ADAPT,MM,BID
7.788478859756935,99.98,2,ORD-1084,ORD-1082,FLOW,MM,ASK
7.788478859756935,99.99,3,ORD-1087,ORD-1086,FUND_ADAPT,MM,BID
8.300165185592721,100.0,1,ORD-1127,ORD-974,FLOW,FLOW,BID
8.300165185592721,100.0,1,ORD-1127,ORD-1088,FLOW,FLOW,BID
8.333984489811117,99.98,3,ORD-1135,ORD-1133,FLOW,MM,ASK
8.333984489811117,99.99,3,ORD-1138,ORD-1137,FUND_ADAPT,MM,BID
8.39046194471562,99.98,3,ORD-1143,ORD-1141,FLOW,MM,ASK
8.39046194471562,99.99,3,ORD-1146,ORD-1145,FUND_ADAPT,MM,BID
8.401873525538381,100.0,2,ORD-1147,ORD-1088,FLOW,FLOW,BID
8.401873525538381,100.0,2,ORD-1147,ORD-1117,FLOW,FLOW,BID
8.40241297792728,100.0,2,ORD-1150,ORD-1117,FLOW,FLOW,BID
8.40241297792728,100.0,1,ORD-1150,ORD-1149,FLOW,MM,BID
8.415851095943706,100.0,1,ORD-1153,ORD-1152,FLOW,MM,BID
8.418163291379807,99.99,3,ORD-1156,ORD-1154,FLOW,MM,ASK
8.491602045423864,99.98,3,ORD-1161,ORD-1159,FLOW,MM,ASK
8.499190542993272,99.99,3,ORD-1164,ORD-1163,FLOW,MM,BID
8.499190542993272,100.01,1,ORD-1164,ORD-821,FLOW,FLOW,BID
8.51056541378095,99.98,1,ORD-1169,ORD-1167,FLOW,MM,ASK
8.565883910203224,100.0,1,ORD-1180,ORD-1179,FLOW,MM,BID
8.606053414581837,99.98,1,ORD-1183,ORD-1181,FLOW,MM,ASK
8.624877290233671,99.99,3,ORD-1191,ORD-1190,FUND_ADAPT,MM,BID
8.791411721885437,100.0,1,ORD-1217,ORD-1188,FLOW,FLOW,BID
8.791411721885437,100.0,1,ORD-1217,ORD-1192,FLOW,FLOW,BID
8.88682037238456,100.0,4,ORD-1225,ORD-1192,FUND_ADAPT,FLOW,BID
8.89007299067553,100.0,1,ORD-1226,ORD-1192,FLOW,FLOW,BID
8.89007299067553,100.0,3,ORD-1226,ORD-1224,FLOW,MM,BID
9.069280948457497,100.01,2,ORD-1237,ORD-821,FLOW,FLOW,BID
9.069280948457497,100.01,1,ORD-1237,ORD-886,FLOW,FLOW,BID
9.106158648385556,100.0,1,ORD-1240,ORD-1238,FLOW,MM,ASK
9.115349473162652,100.01,1,ORD-1246,ORD-886,FUND_ADAPT,FLOW,BID
9.115349473162652,100.01,3,ORD-1246,ORD-1015,FUND_ADAPT,FLOW,BID
9.124164654123433,100.01,2,ORD-1249,ORD-1015,FUND_ADAPT,FLOW,BID
9.124164654123433,100.01,2,ORD-1249,ORD-1047,FUND_ADAPT,FLOW,BID
9.169719547530926,100.01,4,ORD-1250,ORD-1077,FLOW,FLOW,BID
9.169719547530926,100.01,1,ORD-1253,ORD-1077,FUND_ADAPT,FLOW,BID
9.169719547530926,100.01,2,ORD-1253,ORD-1130,FUND_ADAPT,FLOW,BID
9.169719547530926,100.01,1,ORD-1253,ORD-1252,FUND_ADAPT,MM,BID
9.197284506699788,100.0,1,ORD-1256,ORD-1254,FLOW,MM,ASK
9.247235575689672,100.02,1,ORD-1264,ORD-716,FLOW,FLOW,BID
9.35997794307718,100.02,3,ORD-1272,ORD-716,FLOW,FLOW,BID
9.408552580059805,100.0,2,ORD-1278,ORD-1276,FLOW,MM,ASK
9.413765125936811,100.02,2,ORD-1283,ORD-716,FUND_ADAPT,FLOW,BID
9.413765125936811,100.02,2,ORD-1283,ORD-774,FUND_ADAPT,FLOW,BID
9.532478870761235,100.02,1,ORD-1303,ORD-774,FLOW,FLOW,BID
9.600490289421899,100.0,4,ORD-1309,ORD-1284,FLOW,FLOW,ASK
9.600490289421899,100.0,1,ORD-1309,ORD-1292,FLOW,FLOW,ASK
9.65228232878321,100.02,2,ORD-1315,ORD-774,FLOW,FLOW,BID
9.836609849194405,100.02,3,ORD-1331,ORD-948,FUND_ADAPT,FLOW,BID
9.836609849194405,100.02,1,ORD-1331,ORD-982,FUND_ADAPT,FLOW,BID
9.84008651410681,100.02,4,ORD-1335,ORD-982,FUND_ADAPT,FLOW,BID
9.862521944238958,100.02,1,ORD-1344,ORD-982,FLOW,FLOW,BID
9.930932160926378,100.0,2,ORD-1358,ORD-1292,FLOW,FLOW,ASK
9.985551978148234,100.0,4,ORD-1367,ORD-1312,FLOW,FLOW,ASK
10.0619897021825,100.02,1,ORD-1382,ORD-995,FLOW,FLOW,BID
10.139901612426433,100.0,1,ORD-1385,ORD-1312,FLOW,FLOW,ASK
10.164515479699585,100.0,1,ORD-1388,ORD-1352,FLOW,FLOW,ASK
10.164515479699585,100.0,1,ORD-1388,ORD-1364,FLOW,FLOW,ASK
10.192300661065762,100.02,2,ORD-1396,ORD-995,FUND_ADAPT,FLOW,BID
10.192300661065762,100.02,2,ORD-1396,ORD-1012,FUND_ADAPT,FLOW,BID
10.203820506027752,100.02,3,ORD-1400,ORD-1012,FUND_ADAPT,FLOW,BID
10.203820506027752,100.02,1,ORD-1400,ORD-1055,FUND_ADAPT,FLOW,BID
10.214175688067254,100.02,2,ORD-1401,ORD-1055,FLOW,FLOW,BID
10.214175688067254,100.02,1,ORD-1401,ORD-1081,FLOW,FLOW,BID
10.214175688067254,100.02,1,ORD-1404,ORD-1099,FUND_ADAPT,FLOW,BID
10.214175688067254,100.02,3,ORD-1404,ORD-1107,FUND_ADAPT,FLOW,BID
10.252750773724395,100.02,2,ORD-1408,ORD-1107,FLOW,FLOW,BID
10.268995947341717,100.02,3,ORD-1411,ORD-1306,FLOW,FLOW,BID
10.268995947341717,100.02,1,ORD-1411,ORD-1336,FLOW,FLOW,BID
10.272130818353794,100.02,1,ORD-1417,ORD-1336,FUND_ADAPT,FLOW,BID
10.272130818353794,100.02,3,ORD-1417,ORD-1397,FUND_ADAPT,FLOW,BID
10.300955301073538,100.02,3,ORD-1424,ORD-1397,FUND_ADAPT,FLOW,BID
10.300955301073538,100.02,1,ORD-1424,ORD-1423,FUND_ADAPT,MM,BID
10.428143482852642,100.01,3,ORD-1430,ORD-1428,FLOW,MM,ASK
10.428143482852642,100.02,3,ORD-1433,ORD-1432,FUND_ADAPT,MM,BID
10.488736409437712,100.03,3,ORD-1434,ORD-463,FLOW,FLOW,BID
10.495943361711689,100.01,1,ORD-1437,ORD-1435,FLOW,MM,ASK
10.501109545958169,100.03,2,ORD-1440,ORD-463,FLOW,FLOW,BID
10.501109545958169,100.03,2,ORD-1440,ORD-905,FLOW,FLOW,BID
10.565043903570437,100.01,3,ORD-1452,ORD-1450,FLOW,MM,ASK
10.586007663265411,100.02,3,ORD-1457,ORD-1456,FUND_ADAPT,MM,BID
10.602644618765257,100.0,2,ORD-1458,ORD-1364,FLOW,FLOW,ASK
10.613298420771372,100.03,4,ORD-1461,ORD-905,FLOW,FLOW,BID
10.718672247593327,100.03,4,ORD-1473,ORD-959,FLOW,FLOW,BID
10.724278405621435,100.03,2,ORD-1476,ORD-959,FLOW,FLOW,BID
10.817697026752809,100.03,2,ORD-1485,ORD-1275,FLOW,FLOW,BID
10.817697026752809,100.03,1,ORD-1485,ORD-1300,FLOW,FLOW,BID
10.865725748479916,100.01,2,ORD-1495,ORD-1492,FLOW,FLOW,ASK
10.8984400078683,100.01,1,ORD-1498,ORD-1492,FLOW,FLOW,ASK
10.946927936709358,100.01,1,ORD-1504,ORD-1492,FLOW,FLOW,ASK
11.135472341487754,100.01,1,ORD-1529,ORD-1492,FLOW,FLOW,ASK
11.135472341487754,100.01,3,ORD-1529,ORD-1507,FLOW,FLOW,ASK
11.197591084450835,100.03,1,ORD-1535,ORD-1300,FLOW,FLOW,BID
11.2546319989513,100.03,3,ORD-1544,ORD-1414,FLOW,FLOW,BID
11.2546319989513,100.03,2,ORD-1544,ORD-1464,FLOW,FLOW,BID
11.263103399971111,100.01,1,ORD-1547,ORD-1507,FLOW,FLOW,ASK
11.346654047314447,100.01,1,ORD-1555,ORD-1507,FLOW,FLOW,ASK
11.346654047314447,100.01,2,ORD-1555,ORD-1532,FLOW,FLOW,ASK
11.346654047314447,100.01,1,ORD-1555,ORD-1541,FLOW,FLOW,ASK
11.454131247162529,100.03,2,ORD-1567,ORD-1464,FLOW,FLOW,BID
11.487380713551662,100.03,1,ORD-1570,ORD-1464,FLOW,FLOW,BID
11.487380713551662,100.03,3,ORD-1570,ORD-1516,FLOW,FLOW,BID
11.549014855452722,100.02,3,ORD-1581,ORD-1579,FLOW,MM,ASK
11.549014855452722,100.01,1,ORD-1581,ORD-1541,FLOW,FLOW,ASK
11.603428208787967,100.01,1,ORD-1587,ORD-1541,FLOW,FLOW,ASK
11.629716299126306,100.01,1,ORD-1593,ORD-1541,FLOW,FLOW,ASK
11.631759830600817,100.03,3,ORD-1598,ORD-1597,FUND_ADAPT,MM,BID
11.635543153536076,100.04,1,ORD-1599,ORD-780,FLOW,FLOW,BID
11.635543153536076,100.04,2,ORD-1599,ORD-1229,FLOW,FLOW,BID
11.63979006195734,100.02,3,ORD-1602,ORD-1600,FLOW,MM,ASK
11.63979006195734,100.01,1,ORD-1602,ORD-1541,FLOW,FLOW,ASK
11.63979006195734,100.03,3,ORD-1605,ORD-1604,FUND_ADAPT,MM,BID
11.658383556365429,100.04,2,ORD-1611,ORD-1229,FUND_ADAPT,FLOW,BID
11.658383556365429,100.04,2,ORD-1611,ORD-1449,FUND_ADAPT,FLOW,BID
11.658677634049203,100.04,4,ORD-1615,ORD-1470,FUND_ADAPT,FLOW,BID
11.684532991153189,100.04,1,ORD-1618,ORD-1470,FUND_ADAPT,FLOW,BID
11.684532991153189,100.04,2,ORD-1618,ORD-1501,FUND_ADAPT,FLOW,BID
11.684532991153189,100.04,1,ORD-1618,ORD-1552,FUND_ADAPT,FLOW,BID
11.74926935637413,100.02,1,ORD-1622,ORD-1620,FLOW,MM,ASK
11.782585059054142,100.04,3,ORD-1625,ORD-1552,FLOW,FLOW,BID
11.782585059054142,100.04,1,ORD-1628,ORD-1552,FUND_ADAPT,FLOW,BID
11.782585059054142,100.04,3,ORD-1628,ORD-1558,FUND_ADAPT,FLOW,BID
11.78958325527302,100.04,1,ORD-1632,ORD-1558,FUND_ADAPT,FLOW,BID
11.78958325527302,100.04,3,ORD-1632,ORD-1612,FUND_ADAPT,FLOW,BID
11.807813804533977,100.04,2,ORD-1636,ORD-1612,FUND_ADAPT,FLOW,BID
11.807813804533977,100.04,1,ORD-1636,ORD-1619,FUND_ADAPT,FLOW,BID
11.807813804533977,100.04,1,ORD-1636,ORD-1635,FUND_ADAPT,MM,BID
11.808280534546139,100.02,2,ORD-1637,ORD-1634,FLOW,MM,ASK
11.837245782292865,100.04,3,ORD-1643,ORD-1642,FUND_ADAPT,MM,BID
11.914708229531858,100.05,1,ORD-1648,ORD-731,FLOW,FLOW,BID
12.030683100379656,100.03,3,ORD-1654,ORD-1652,FLOW,MM,ASK
12.061456751947352,100.04,3,ORD-1663,ORD-1662,FUND_ADAPT,MM,BID
12.1266803447705,100.05,1,ORD-1664,ORD-731,FLOW,FLOW,BID
12.1266803447705,100.05,2,ORD-1664,ORD-1287,FLOW,FLOW,BID
12.128773821145787,100.05,4,ORD-1667,ORD-1287,FLOW,FLOW,BID
12.128773821145787,100.05,2,ORD-1667,ORD-1297,FLOW,FLOW,BID
12.20181126397322,100.05,1,ORD-1676,ORD-1297,FLOW,FLOW,BID
12.27296684211808,100.04,2,ORD-1682,ORD-1680,FLOW,MM,ASK
12.294915119184447,100.03,1,ORD-1688,ORD-1679,FLOW,FLOW,ASK
12.294915119184447,100.03,1,ORD-1688,ORD-1686,FLOW,MM,ASK
12.294915119184447,100.04,3,ORD-1691,ORD-1690,FUND_ADAPT,MM,BID
12.502991615113263,100.05,1,ORD-1707,ORD-1297,FLOW,FLOW,BID
12.502991615113263,100.05,1,ORD-1707,ORD-1318,FLOW,FLOW,BID
12.502991615113263,100.05,2,ORD-1707,ORD-1376,FLOW,FLOW,BID
12.507611039335124,100.03,3,ORD-1710,ORD-1708,FLOW,MM,ASK
12.51079978394602,100.04,3,ORD-1713,ORD-1712,FLOW,MM,BID
12.51079978394602,100.05,1,ORD-1713,ORD-1376,FLOW,FLOW,BID
12.521127910945989,100.03,3,ORD-1721,ORD-1719,FUND_ADAPT,MM,ASK
12.55645515610129,100.02,4,ORD-1726,ORD-1673,FUND_ADAPT,FLOW,ASK
12.598674147120581,100.02,2,ORD-1730,ORD-1673,FUND_ADAPT,FLOW,ASK
12.598674147120581,100.02,2,ORD-1730,ORD-1728,FUND_ADAPT,MM,ASK
12.604637033524526,100.02,3,ORD-1733,ORD-1731,FUND_ADAPT,MM,ASK
12.608937714348835,100.04,3,ORD-1734,ORD-1732,FLOW,MM,BID
12.675004360829625,100.05,1,ORD-1740,ORD-1376,FLOW,FLOW,BID
12.675004360829625,100.04,1,ORD-1743,ORD-1734,FUND_ADAPT,FLOW,ASK
12.792172807545892,100.02,4,ORD-1747,ORD-1744,FUND_ADAPT,FLOW,ASK
12.800959459982298,100.02,2,ORD-1751,ORD-1744,FUND_ADAPT,FLOW,ASK
12.800959459982298,100.02,2,ORD-1751,ORD-1749,FUND_ADAPT,MM,ASK
12.822288247250697,100.02,4,ORD-1755,ORD-1752,FUND_ADAPT,FLOW,ASK
12.992798316506487,100.02,1,ORD-1764,ORD-1752,FUND_ADAPT,FLOW,ASK
12.992798316506487,100.02,1,ORD-1764,ORD-1758,FUND_ADAPT,FLOW,ASK
12.992798316506487,100.02,2,ORD-1764,ORD-1762,FUND_ADAPT,MM,ASK
13.198726376773886,100.02,1,ORD-1795,ORD-1776,FLOW,FLOW,BID
13.308016563534418,100.02,1,ORD-1807,ORD-1776,FLOW,FLOW,BID
13.308016563534418,100.02,3,ORD-1807,ORD-1798,FLOW,FLOW,BID
13.310801812412146,100.01,1,ORD-1810,ORD-1541,FLOW,FLOW,ASK
13.310801812412146,100.01,1,ORD-1810,ORD-1578,FLOW,FLOW,ASK
13.360501636787996,100.01,1,ORD-1816,ORD-1578,FLOW,FLOW,ASK
13.415926454074782,100.02,1,ORD-1819,ORD-1798,FLOW,FLOW,BID
13.415926454074782,100.02,1,ORD-1819,ORD-1804,FLOW,FLOW,BID
13.415926454074782,100.02,2,ORD-1819,ORD-1818,FLOW,MM,BID
13.419238605388058,100.01,2,ORD-1822,ORD-1578,FLOW,FLOW,ASK
13.486886750968909,100.01,4,ORD-1833,ORD-1657,FLOW,FLOW,ASK
13.494852206946614,100.01,2,ORD-1836,ORD-1657,FLOW,FLOW,ASK
13.494852206946614,100.0,2,ORD-1836,ORD-1513,FLOW,FLOW,ASK
13.494852206946614,100.02,3,ORD-1839,ORD-1838,FUND_ADAPT,MM,BID
13.506867157487422,100.0,1,ORD-1840,ORD-1513,FLOW,FLOW,ASK
13.506867157487422,100.0,1,ORD-1840,ORD-1629,FLOW,FLOW,ASK
13.537467144460901,100.02,3,ORD-1846,ORD-1845,FUND_ADAPT,MM,BID
13.69851985910916,100.03,2,ORD-1862,ORD-1773,FLOW,FLOW,BID
13.699630774381044,100.03,1,ORD-1868,ORD-1773,FLOW,FLOW,BID
13.699630774381044,100.03,3,ORD-1868,ORD-1867,FLOW,MM,BID
13.737878010314756,100.02,2,ORD-1874,ORD-1872,FLOW,MM,ASK
13.770949988863302,100.04,1,ORD-1880,ORD-1779,FLOW,FLOW,BID
13.859660885090891,100.04,4,ORD-1890,ORD-1779,FLOW,FLOW,BID
13.900390507758518,100.03,3,ORD-1904,ORD-1902,FUND_ADAPT,MM,ASK
13.909459527431592,100.02,2,ORD-1908,ORD-1899,FUND_ADAPT,FLOW,ASK
13.909459527431592,100.02,2,ORD-1908,ORD-1906,FUND_ADAPT,MM,ASK
13.960163746262097,100.01,1,ORD-1914,ORD-1877,FLOW,FLOW,ASK
13.987105367756984,100.01,2,ORD-1917,ORD-1877,FLOW,FLOW,ASK
13.987105367756984,100.01,2,ORD-1917,ORD-1896,FLOW,FLOW,ASK
14.079829522964124,100.01,4,ORD-1932,ORD-1896,FLOW,FLOW,ASK
14.079829522964124,100.02,3,ORD-1935,ORD-1934,FUND_ADAPT,MM,BID
14.114824624814029,100.03,2,ORD-1936,ORD-1911,FLOW,FLOW,BID
14.12567896087785,100.01,3,ORD-1939,ORD-1937,FLOW,MM,ASK
14.143983878201631,100.0,3,ORD-1942,ORD-1633,FLOW,FLOW,ASK
14.443966364465439,100.02,3,ORD-1988,ORD-1983,FLOW,FLOW,BID
14.503356893825652,100.02,3,ORD-1998,ORD-1997,FLOW,MM,BID
14.503356893825652,100.03,1,ORD-1998,ORD-1911,FLOW,FLOW,BID
14.511455739590472,100.01,3,ORD-2006,ORD-2004,FUND_ADAPT,MM,ASK
14.560237888891812,100.03,1,ORD-2007,ORD-1911,FLOW,FLOW,BID
14.577024702168275,100.02,1,ORD-2013,ORD-2012,FLOW,MM,BID
14.586809495142573,100.0,1,ORD-2016,ORD-1633,FLOW,FLOW,ASK
14.586809495142573,100.0,3,ORD-2016,ORD-1825,FLOW,FLOW,ASK
14.621129403612033,100.0,1,ORD-2027,ORD-1865,FLOW,FLOW,ASK
14.621129403612033,100.0,2,ORD-2027,ORD-1893,FLOW,FLOW,ASK
14.621129403612033,100.0,1,ORD-2027,ORD-2025,FLOW,MM,ASK
14.639873852964136,100.01,3,ORD-2033,ORD-2032,FUND_ADAPT,MM,BID
14.64759608127978,100.02,2,ORD-2034,ORD-2019,FLOW,FLOW,BID
14.79037035976375,100.0,3,ORD-2052,ORD-2050,FUND_ADAPT,MM,ASK
14.842035036791739,100.01,3,ORD-2056,ORD-2055,FLOW,MM,BID
14.842035036791739,100.01,2,ORD-2059,ORD-2056,FUND_ADAPT,FLOW,ASK
14.842035036791739,100.01,3,ORD-2059,ORD-2057,FUND_ADAPT,MM,ASK
14.85581969874806,100.01,1,ORD-2066,ORD-2065,FLOW,MM,BID
14.85581969874806,99.99,3,ORD-2069,ORD-1269,FUND_ADAPT,FLOW,ASK
14.85581969874806,99.99,1,ORD-2069,ORD-1328,FUND_ADAPT,FLOW,ASK
14.858260783881715,100.01,3,ORD-2070,ORD-2068,FLOW,MM,BID
14.858260783881715,100.0,3,ORD-2073,ORD-2071,FUND_ADAPT,MM,ASK
14.858498466980986,100.02,3,ORD-2074,ORD-2019,FLOW,FLOW,BID
14.858498466980986,100.02,1,ORD-2074,ORD-2053,FLOW,FLOW,BID
14.90745481886462,99.99,4,ORD-2082,ORD-1328,FUND_ADAPT,FLOW,ASK
14.921704163111642,99.99,4,ORD-2089,ORD-1379,FUND_ADAPT,FLOW,ASK
14.948557660789271,99.99,1,ORD-2099,ORD-1379,FUND_ADAPT,FLOW,ASK
14.948557660789271,99.99,2,ORD-2099,ORD-1482,FUND_ADAPT,FLOW,ASK
14.948557660789271,99.99,1,ORD-2099,ORD-1852,FUND_ADAPT,FLOW,ASK
14.953580343540464,100.01,3,ORD-2102,ORD-2077,FLOW,FLOW,BID
14.953580343540464,99.99,1,ORD-2105,ORD-1852,FUND_ADAPT,FLOW,ASK
14.953580343540464,99.99,2,ORD-2105,ORD-1855,FUND_ADAPT,FLOW,ASK
14.953580343540464,99.99,1,ORD-2105,ORD-1963,FUND_ADAPT,FLOW,ASK
14.970809970501444,99.99,2,ORD-2106,ORD-1963,FLOW,FLOW,ASK
14.990086767679731,100.01,3,ORD-2113,ORD-2077,FLOW,FLOW,BID
14.990086767679731,100.01,1,ORD-2113,ORD-2112,FLOW,MM,BID
14.993134846868005,100.02,2,ORD-2116,ORD-2053,FLOW,FLOW,BID
14.993134846868005,100.02,1,ORD-2116,ORD-2115,FLOW,MM,BID
15.012162526938386,100.0,3,ORD-2122,ORD-2120,FUND_ADAPT,MM,ASK
15.13237497235139,100.0,6,ORD-2137,ORD-2134,FUND_ADAPT,FLOW,ASK
15.13237497235139,100.0,2,ORD-2137,ORD-2135,FUND_ADAPT,MM,ASK
15.134690532454911,100.02,3,ORD-2138,ORD-2136,FLOW,MM,BID
15.134690532454911,100.03,1,ORD-2138,ORD-1911,FLOW,FLOW,BID
15.1635445954169,100.02,2,ORD-2141,ORD-2140,FLOW,MM,BID
15.164240897154148,100.0,3,ORD-2147,ORD-2145,FUND_ADAPT,MM,ASK
15.164568303698895,100.02,3,ORD-2148,ORD-2146,FLOW,MM,BID
15.212956932956372,100.01,3,ORD-2154,ORD-2152,FUND_ADAPT,MM,ASK
15.275693061007734,100.0,1,ORD-2163,ORD-2151,FUND_ADAPT,FLOW,ASK
15.275693061007734,100.0,2,ORD-2163,ORD-2155,FUND_ADAPT,FLOW,ASK
15.275693061007734,100.0,3,ORD-2163,ORD-2161,FUND_ADAPT,MM,ASK
15.329564061993665,99.99,2,ORD-2167,ORD-2030,FLOW,FLOW,ASK
15.329564061993665,99.99,2,ORD-2170,ORD-2030,FUND_ADAPT,FLOW,ASK
15.329564061993665,99.99,2,ORD-2170,ORD-2063,FUND_ADAPT,FLOW,ASK
15.339326442404188,99.99,1,ORD-2171,ORD-2119,FLOW,FLOW,ASK
15.339326442404188,99.99,3,ORD-2174,ORD-2119,FUND_ADAPT,FLOW,ASK
15.339326442404188,99.99,1,ORD-2174,ORD-2144,FUND_ADAPT,FLOW,ASK
15.34519576712034,99.99,3,ORD-2175,ORD-2172,FLOW,MM,ASK
15.375986686836153,99.98,4,ORD-2185,ORD-1349,FUND_ADAPT,FLOW,ASK
15.428652016350496,100.0,2,ORD-2186,ORD-2184,FLOW,MM,BID
15.428652016350496,99.98,1,ORD-2189,ORD-1349,FUND_ADAPT,FLOW,ASK
15.428652016350496,99.98,3,ORD-2189,ORD-1446,FUND_ADAPT,FLOW,ASK
15.4561683521827,99.98,1,ORD-2195,ORD-1446,FLOW,FLOW,ASK
15.461670218015316,99.99,3,ORD-2201,ORD-2200,FLOW,MM,BID
15.477374946003435,99.98,2,ORD-2206,ORD-1446,FUND_ADAPT,FLOW,ASK
15.477374946003435,99.98,2,ORD-2206,ORD-1510,FUND_ADAPT,FLOW,ASK
15.544729009609943,99.98,1,ORD-2215,ORD-1510,FLOW,FLOW,ASK
15.560113628772102,99.99,1,ORD-2218,ORD-2217,FLOW,MM,BID
15.560113628772102,99.98,2,ORD-2221,ORD-1510,FUND_ADAPT,FLOW,ASK
15.560113628772102,99.98,1,ORD-2221,ORD-1590,FUND_ADAPT,FLOW,ASK
15.560113628772102,99.98,1,ORD-2221,ORD-1801,FUND_ADAPT,FLOW,ASK
15.560113628772102,99.98,2,ORD-2221,ORD-1813,FUND_ADAPT,FLOW,ASK
15.560113628772102,99.98,2,ORD-2221,ORD-1847,FUND_ADAPT,FLOW,ASK
15.563724685144685,99.98,4,ORD-2225,ORD-1847,FUND_ADAPT,FLOW,ASK
15.563724685144685,99.98,3,ORD-2225,ORD-1950,FUND_ADAPT,FLOW,ASK
15.563724685144685,99.98,1,ORD-2225,ORD-1955,FUND_ADAPT,FLOW,ASK
15.62482903029441,99.98,2,ORD-2229,ORD-1955,FUND_ADAPT,FLOW,ASK
15.62482903029441,99.98,4,ORD-2229,ORD-1971,FUND_ADAPT,FLOW,ASK
15.62482903029441,99.98,2,ORD-2229,ORD-1974,FUND_ADAPT,FLOW,ASK
15.63977998702654,99.98,1,ORD-2233,ORD-1974,FLOW,FLOW,ASK
15.63977998702654,99.98,2,ORD-2236,ORD-1974,FUND_ADAPT,FLOW,ASK
15.63977998702654,99.98,6,ORD-2236,ORD-1980,FUND_ADAPT,FLOW,ASK
15.6709541940747,99.98,5,ORD-2240,ORD-2010,FUND_ADAPT,FLOW,ASK
15.6709541940747,99.98,3,ORD-2240,ORD-2238,FUND_ADAPT,MM,ASK
15.722806729406411,99.97,1,ORD-2247,ORD-860,FLOW,FLOW,ASK
15.754001717962383,99.97,1,ORD-2250,ORD-860,FLOW,FLOW,ASK
15.781970581872113,99.98,1,ORD-2253,ORD-2252,FLOW,MM,BID
15.830761141304885,99.98,3,ORD-2259,ORD-2258,FLOW,MM,BID
15.858512479479508,99.99,3,ORD-2265,ORD-2256,FLOW,FLOW,BID
15.858512479479508,99.99,1,ORD-2265,ORD-2264,FLOW,MM,BID
15.858512479479508,99.98,3,ORD-2268,ORD-2266,FUND_ADAPT,MM,ASK
15.922603438912265,99.97,3,ORD-2277,ORD-860,FUND_ADAPT,FLOW,ASK
15.922603438912265,99.97,1,ORD-2277,ORD-1174,FUND_ADAPT,FLOW,ASK
15.949211057878262,99.97,3,ORD-2280,ORD-1177,FUND_ADAPT,FLOW,ASK
15.949211057878262,99.97,1,ORD-2280,ORD-1259,FUND_ADAPT,FLOW,ASK
15.96904845921541,99.99,1,ORD-2283,ORD-2282,FLOW,MM,BID
16.013622913619464,99.97,2,ORD-2289,ORD-1321,FUND_ADAPT,FLOW,ASK
16.013622913619464,99.97,2,ORD-2289,ORD-1332,FUND_ADAPT,FLOW,ASK
16.01403644371525,99.97,4,ORD-2293,ORD-1332,FUND_ADAPT,FLOW,ASK
16.049088604906604,99.97,1,ORD-2294,ORD-1339,FLOW,FLOW,ASK
16.085025861745795,99.99,2,ORD-2303,ORD-2302,FLOW,MM,BID
16.10402421247256,100.0,2,ORD-2309,ORD-2190,FLOW,FLOW,BID
16.10402421247256,100.0,4,ORD-2309,ORD-2210,FLOW,FLOW,BID
16.10402421247256,99.98,5,ORD-2312,ORD-2306,FUND_ADAPT,FLOW,ASK
16.10402421247256,99.98,3,ORD-2312,ORD-2310,FUND_ADAPT,MM,ASK
16.11356746619113,99.97,2,ORD-2313,ORD-1339,FLOW,FLOW,ASK
16.11356746619113,99.97,1,ORD-2313,ORD-1418,FLOW,FLOW,ASK
16.11356746619113,99.97,4,ORD-2316,ORD-1960,FUND_ADAPT,FLOW,ASK
16.132565556588055,99.99,1,ORD-2317,ORD-2315,FLOW,MM,BID
16.16221187607091,99.99,2,ORD-2320,ORD-2319,FLOW,MM,BID
16.172319718692787,100.0,3,ORD-2323,ORD-2244,FLOW,FLOW,BID
16.173716684861223,100.0,1,ORD-2326,ORD-2244,FLOW,FLOW,BID
16.173716684861223,100.0,1,ORD-2326,ORD-2262,FLOW,FLOW,BID
16.173716684861223,99.98,3,ORD-2329,ORD-2327,FUND_ADAPT,MM,ASK
16.233504202119526,99.97,4,ORD-2333,ORD-1993,FUND_ADAPT,FLOW,ASK
16.320710923681215,99.98,2,ORD-2348,ORD-2347,FLOW,MM,BID
16.36371613524806,99.97,1,ORD-2353,ORD-1993,FLOW,FLOW,ASK
16.36371613524806,99.97,1,ORD-2353,ORD-2045,FLOW,FLOW,ASK
16.36371613524806,99.97,2,ORD-2353,ORD-2128,FLOW,FLOW,ASK
16.41269738616121,99.97,1,ORD-2362,ORD-2128,FLOW,FLOW,ASK
16.46865179184293,99.97,3,ORD-2371,ORD-2128,FLOW,FLOW,ASK
16.740936049591177,99.99,2,ORD-2391,ORD-2339,FLOW,FLOW,BID
16.80130377050336,99.97,2,ORD-2402,ORD-2178,FUND_ADAPT,FLOW,ASK
16.80130377050336,99.97,1,ORD-2402,ORD-2237,FUND_ADAPT,FLOW,ASK
16.80130377050336,99.97,1,ORD-2402,ORD-2300,FUND_ADAPT,FLOW,ASK
16.87404078007157,99.97,4,ORD-2403,ORD-2300,FLOW,FLOW,ASK
16.87404078007157,99.97,2,ORD-2406,ORD-2379,FUND_ADAPT,FLOW,ASK
16.87404078007157,99.97,2,ORD-2406,ORD-2404,FUND_ADAPT,MM,ASK
16.87697523041987,99.99,2,ORD-2407,ORD-2339,FLOW,FLOW,BID
16.87697523041987,99.96,4,ORD-2410,ORD-783,FUND_ADAPT,FLOW,ASK
16.897084145774883,99.98,1,ORD-2411,ORD-2409,FLOW,MM,BID
16.897084145774883,99.96,2,ORD-2414,ORD-938,FUND_ADAPT,FLOW,ASK
16.897084145774883,99.96,2,ORD-2414,ORD-971,FUND_ADAPT,FLOW,ASK
17.017741874002724,99.98,2,ORD-2417,ORD-2416,FLOW,MM,BID
17.017741874002724,99.96,4,ORD-2420,ORD-1094,FUND_ADAPT,FLOW,ASK
17.071331683608346,99.96,1,ORD-2427,ORD-1094,FUND_ADAPT,FLOW,ASK
17.071331683608346,99.96,3,ORD-2427,ORD-1211,FUND_ADAPT,FLOW,ASK
17.08470051036016,99.96,2,ORD-2431,ORD-1211,FUND_ADAPT,FLOW,ASK
17.08470051036016,99.96,1,ORD-2431,ORD-1214,FUND_ADAPT,FLOW,ASK
17.08470051036016,99.96,1,ORD-2431,ORD-2083,FUND_ADAPT,FLOW,ASK
17.15069033656982,99.96,2,ORD-2432,ORD-2083,FLOW,FLOW,ASK
17.15069033656982,99.96,2,ORD-2432,ORD-2090,FLOW,FLOW,ASK
17.15069033656982,99.96,2,ORD-2435,ORD-2090,FUND_ADAPT,FLOW,ASK
17.15069033656982,99.96,2,ORD-2435,ORD-2207,FUND_ADAPT,FLOW,ASK
17.152538805581166,99.96,2,ORD-2439,ORD-2207,FUND_ADAPT,FLOW,ASK
17.152538805581166,99.96,2,ORD-2439,ORD-2241,FUND_ADAPT,FLOW,ASK
17.155314459711324,99.98,3,ORD-2440,ORD-2438,FLOW,MM,BID
17.155314459711324,99.97,3,ORD-2443,ORD-2441,FUND_ADAPT,MM,ASK
17.171733783582564,99.96,1,ORD-2444,ORD-2365,FLOW,FLOW,ASK
17.194798181967634,99.96,2,ORD-2450,ORD-2365,FUND_ADAPT,FLOW,ASK
17.194798181967634,99.96,2,ORD-2450,ORD-2448,FUND_ADAPT,MM,ASK
17.22320520975738,99.98,2,ORD-2451,ORD-2449,FLOW,MM,BID
17.26977815985075,99.96,3,ORD-2457,ORD-2455,FUND_ADAPT,MM,ASK
17.32894025094975,99.95,2,ORD-2464,ORD-680,FLOW,FLOW,ASK
17.32894025094975,99.95,2,ORD-2464,ORD-965,FLOW,FLOW,ASK
17.357241491593907,99.95,2,ORD-2480,ORD-965,FLOW,FLOW,ASK
17.5748351098296,99.95,1,ORD-2499,ORD-965,FLOW,FLOW,ASK
17.5748351098296,99.95,1,ORD-2499,ORD-1110,FLOW,FLOW,ASK
17.645402671819845,99.96,1,ORD-2513,ORD-2507,FUND_ADAPT,FLOW,BID
17.645402671819845,99.96,3,ORD-2513,ORD-2512,FUND_ADAPT,MM,BID
17.660745693157484,99.95,1,ORD-2514,ORD-1110,FLOW,FLOW,ASK
17.71019932122389,99.95,1,ORD-2520,ORD-1110,FLOW,FLOW,ASK
17.71019932122389,99.95,2,ORD-2520,ORD-1222,FLOW,FLOW,ASK
17.754127327571553,99.97,1,ORD-2529,ORD-2472,FLOW,FLOW,BID
17.754127327571553,99.97,2,ORD-2529,ORD-2526,FLOW,FLOW,BID
17.92294402603009,99.97,2,ORD-2557,ORD-2526,FLOW,FLOW,BID
18.039950353295946,99.98,4,ORD-2570,ORD-2458,FUND_ADAPT,FLOW,BID
18.08101105641105,99.98,2,ORD-2573,ORD-2458,FLOW,FLOW,BID
18.08101105641105,99.98,2,ORD-2573,ORD-2477,FLOW,FLOW,BID
18.08319794492713,99.96,2,ORD-2576,ORD-2574,FLOW,MM,ASK
18.08319794492713,99.97,3,ORD-2579,ORD-2578,FUND_ADAPT,MM,BID
18.086229528064848,99.95,2,ORD-2580,ORD-2222,FLOW,FLOW,ASK
18.086229528064848,99.98,1,ORD-2583,ORD-2502,FUND_ADAPT,FLOW,BID
18.086229528064848,99.98,1,ORD-2583,ORD-2523,FUND_ADAPT,FLOW,BID
18.086229528064848,99.98,2,ORD-2583,ORD-2565,FUND_ADAPT,FLOW,BID
18.096834632029953,99.98,2,ORD-2584,ORD-2582,FLOW,MM,BID
18.116801066763237,99.97,3,ORD-2587,ORD-2585,FLOW,MM,ASK
18.116801066763237,99.95,1,ORD-2587,ORD-2222,FLOW,FLOW,ASK
18.116801066763237,99.98,3,ORD-2590,ORD-2589,FUND_ADAPT,MM,BID
18.17731953401399,99.99,1,ORD-2595,ORD-2339,FUND_ADAPT,FLOW,BID
18.17731953401399,99.99,3,ORD-2595,ORD-2385,FUND_ADAPT,FLOW,BID
18.18882862317236,99.97,3,ORD-2596,ORD-2593,FLOW,MM,ASK
18.18882862317236,99.95,1,ORD-2596,ORD-2226,FLOW,FLOW,ASK
18.18882862317236,99.98,3,ORD-2599,ORD-2598,FUND_ADAPT,MM,BID
18.300117680917175,99.97,3,ORD-2603,ORD-2601,FLOW,MM,ASK
18.300117680917175,99.95,1,ORD-2603,ORD-2226,FLOW,FLOW,ASK
18.300117680917175,99.98,3,ORD-2606,ORD-2605,FUND_ADAPT,MM,BID
18.333046727901344,99.99,2,ORD-2607,ORD-2385,FLOW,FLOW,BID
18.333046727901344,99.99,2,ORD-2607,ORD-2543,FLOW,FLOW,BID
18.333046727901344,99.99,2,ORD-2610,ORD-2543,FUND_ADAPT,FLOW,BID
18.333046727901344,99.99,2,ORD-2610,ORD-2609,FUND_ADAPT,MM,BID
18.43248162585627,99.98,3,ORD-2616,ORD-2614,FLOW,MM,ASK
18.43248162585627,99.95,1,ORD-2616,ORD-2226,FLOW,FLOW,ASK
18.43248162585627,99.99,3,ORD-2619,ORD-2618,FUND_ADAPT,MM,BID
18.448056409979056,99.97,3,ORD-2620,ORD-2617,FLOW,MM,ASK
18.448056409979056,99.95,1,ORD-2620,ORD-2397,FLOW,FLOW,ASK
18.474488992501602,99.99,3,ORD-2626,ORD-2625,FUND_ADAPT,MM,BID
18.5376836162118,99.98,3,ORD-2630,ORD-2628,FLOW,MM,ASK
18.5376836162118,99.95,1,ORD-2630,ORD-2397,FLOW,FLOW,ASK
18.5376836162118,99.99,3,ORD-2633,ORD-2632,FUND_ADAPT,MM,BID
18.728206050650343,99.98,3,ORD-2646,ORD-2644,FLOW,MM,ASK
18.843458044010664,99.98,2,ORD-2663,ORD-2658,FLOW,FLOW,ASK
18.970437859303903,100.0,1,ORD-2678,ORD-2269,FLOW,FLOW,BID
18.970437859303903,100.0,1,ORD-2678,ORD-2286,FLOW,FLOW,BID
18.971402963525932,99.98,3,ORD-2681,ORD-2658,FLOW,FLOW,ASK
19.147240357116445,100.0,2,ORD-2690,ORD-2286,FLOW,FLOW,BID
19.147240357116445,100.0,2,ORD-2690,ORD-2342,FLOW,FLOW,BID
19.2128930490472,99.98,1,ORD-2702,ORD-2700,FLOW,MM,ASK
19.233318420672767,99.98,1,ORD-2705,ORD-2703,FLOW,MM,ASK
19.327918947368772,99.98,4,ORD-2711,ORD-2708,FLOW,FLOW,ASK
19.3459034972424,100.0,1,ORD-2719,ORD-2342,FLOW,FLOW,BID
19.3459034972424,100.0,2,ORD-2719,ORD-2376,FLOW,FLOW,BID
19.4338689971951,100.0,2,ORD-2733,ORD-2376,FLOW,FLOW,BID
19.459656463353095,100.0,1,ORD-2739,ORD-2382,FLOW,FLOW,BID
19.49434741829634,99.98,1,ORD-2757,ORD-2708,FLOW,FLOW,ASK
19.49434741829634,99.98,1,ORD-2757,ORD-2722,FLOW,FLOW,ASK
19.49434741829634,99.98,1,ORD-2757,ORD-2755,FLOW,MM,ASK
19.510155244315197,99.97,1,ORD-2760,ORD-2637,FLOW,FLOW,ASK
19.510155244315197,99.97,1,ORD-2760,ORD-2655,FLOW,FLOW,ASK
19.510155244315197,99.99,3,ORD-2763,ORD-2762,FUND_ADAPT,MM,BID
19.514404875129795,100.0,1,ORD-2767,ORD-2382,FLOW,FLOW,BID
19.541969582164544,99.98,3,ORD-2779,ORD-2777,FLOW,MM,ASK
19.541969582164544,99.97,1,ORD-2779,ORD-2655,FLOW,FLOW,ASK
19.56286266827551,99.99,3,ORD-2785,ORD-2784,FUND_ADAPT,MM,BID
19.600119927890596,100.0,2,ORD-2788,ORD-2382,FLOW,FLOW,BID
19.600119927890596,100.0,2,ORD-2788,ORD-2424,FLOW,FLOW,BID
19.60658241531035,100.0,1,ORD-2791,ORD-2424,FLOW,FLOW,BID
19.655476919480076,100.0,3,ORD-2800,ORD-2424,FLOW,FLOW,BID
19.909429219264016,100.0,3,ORD-2839,ORD-2447,FLOW,FLOW,BID
19.909429219264016,100.0,1,ORD-2839,ORD-2496,FLOW,FLOW,BID
19.95884660242216,100.0,3,ORD-2851,ORD-2496,FLOW,FLOW,BID
19.98970184032045,100.0,2,ORD-2854,ORD-2496,FLOW,FLOW,BID
19.98970184032045,100.0,1,ORD-2854,ORD-2517,FLOW,FLOW,BID
20.073315801836497,99.98,2,ORD-2867,ORD-2830,FLOW,FLOW,ASK
20.182988329069556,100.0,2,ORD-2881,ORD-2517,FLOW,FLOW,BID
20.2552597635941,99.98,3,ORD-2887,ORD-2830,FLOW,FLOW,ASK
20.2552597635941,99.98,2,ORD-2887,ORD-2842,FLOW,FLOW,ASK
20.2552597635941,99.98,1,ORD-2887,ORD-2885,FLOW,MM,ASK
20.438495755099154,100.0,3,ORD-2910,ORD-2517,FLOW,FLOW,BID
20.438495755099154,100.0,1,ORD-2910,ORD-2538,FLOW,FLOW,BID
20.502564978220796,99.98,1,ORD-2920,ORD-2890,FUND_ADAPT,FLOW,ASK
20.502564978220796,99.98,3,ORD-2920,ORD-2918,FUND_ADAPT,MM,ASK
20.510932615855854,99.99,1,ORD-2926,ORD-2925,FLOW,MM,BID
20.598230796616914,99.99,3,ORD-2938,ORD-2937,FLOW,MM,BID
20.63597672176284,99.98,3,ORD-2943,ORD-2941,FUND_ADAPT,MM,ASK
20.67468697929953,99.97,3,ORD-2947,ORD-2655,FLOW,FLOW,ASK
20.67468697929953,99.97,2,ORD-2947,ORD-2754,FLOW,FLOW,ASK
20.677644458999158,99.99,1,ORD-2950,ORD-2949,FLOW,MM,BID
20.677644458999158,99.98,3,ORD-2953,ORD-2951,FUND_ADAPT,MM,ASK
20.701165438842676,99.97,3,ORD-2957,ORD-2754,FLOW,FLOW,ASK
20.754046947793853,99.99,2,ORD-2966,ORD-2965,FLOW,MM,BID
20.77376565623978,99.99,3,ORD-2969,ORD-2968,FLOW,MM,BID
20.77376565623978,99.98,3,ORD-2972,ORD-2970,FUND_ADAPT,MM,ASK
20.799660669815378,100.0,2,ORD-2973,ORD-2538,FLOW,FLOW,BID
21.08496738264288,99.97,5,ORD-2997,ORD-2845,FLOW,FLOW,ASK
21.08496738264288,99.97,1,ORD-2997,ORD-2876,FLOW,FLOW,ASK
21.106728180512356,99.97,2,ORD-3003,ORD-2893,FLOW,FLOW,ASK
21.106728180512356,99.97,1,ORD-3003,ORD-2905,FLOW,FLOW,ASK
21.113794332550416,99.99,2,ORD-3006,ORD-3005,FLOW,MM,BID
21.113794332550416,99.98,3,ORD-3009,ORD-3007,FUND_ADAPT,MM,ASK
21.125659043888476,100.0,1,ORD-3010,ORD-2538,FLOW,FLOW,BID
21.125659043888476,100.0,2,ORD-3010,ORD-2611,FLOW,FLOW,BID
21.140341748204353,99.97,4,ORD-3013,ORD-2905,FLOW,FLOW,ASK
21.140341748204353,99.97,1,ORD-3013,ORD-3011,FLOW,MM,ASK
21.140341748204353,99.98,3,ORD-3016,ORD-3015,FUND_ADAPT,MM,BID
21.162978281267126,99.99,1,ORD-3020,ORD-3019,FLOW,MM,BID
21.18253790241604,99.99,1,ORD-3026,ORD-3025,FLOW,MM,BID
21.185025720562983,99.99,3,ORD-3029,ORD-3028,FLOW,MM,BID
21.216223786200622,99.98,3,ORD-3040,ORD-3038,FUND_ADAPT,MM,ASK
21.334155038677757,99.97,1,ORD-3043,ORD-3041,FLOW,MM,ASK
21.337340141297545,99.97,1,ORD-3049,ORD-3047,FLOW,MM,ASK
21.38517231452334,99.99,3,ORD-3055,ORD-3054,FLOW,MM,BID
21.38517231452334,100.0,1,ORD-3055,ORD-2611,FLOW,FLOW,BID
21.38517231452334,99.98,3,ORD-3058,ORD-3056,FUND_ADAPT,MM,ASK
21.430845995067546,99.98,3,ORD-3062,ORD-3060,FLOW,MM,ASK
21.435671479181973,99.98,1,ORD-3065,ORD-3062,FLOW,FLOW,BID
21.521556170135014,99.97,2,ORD-3083,ORD-3059,FLOW,FLOW,ASK
21.521556170135014,99.96,1,ORD-3083,ORD-2640,FLOW,FLOW,ASK
21.598163474550347,99.97,3,ORD-3091,ORD-3090,FLOW,MM,BID
21.626595439532526,99.98,1,ORD-3099,ORD-3062,FLOW,FLOW,BID
21.626595439532526,99.98,2,ORD-3099,ORD-3096,FLOW,FLOW,BID
21.632115073251054,99.98,1,ORD-3102,ORD-3096,FLOW,FLOW,BID
21.669187542778428,99.98,1,ORD-3110,ORD-3096,FUND_ADAPT,FLOW,BID
21.669187542778428,99.98,3,ORD-3110,ORD-3109,FUND_ADAPT,MM,BID
21.67312373730349,100.0,1,ORD-3111,ORD-2611,FLOW,FLOW,BID
21.67312373730349,100.0,3,ORD-3111,ORD-2666,FLOW,FLOW,BID
21.70601920715179,99.98,2,ORD-3114,ORD-3112,FLOW,MM,ASK
21.823742480423395,99.97,3,ORD-3117,ORD-3115,FLOW,MM,ASK
21.829207735524328,99.98,3,ORD-3123,ORD-3122,FUND_ADAPT,MM,BID
21.853632939904145,99.99,2,ORD-3124,ORD-3120,FLOW,FLOW,BID
21.862736171703357,99.98,3,ORD-3130,ORD-3128,FUND_ADAPT,MM,ASK
22.065868233854,99.99,1,ORD-3146,ORD-3145,FLOW,MM,BID
22.13078049864102,99.99,4,ORD-3166,ORD-3161,FLOW,FLOW,BID
22.136058886866458,99.97,3,ORD-3169,ORD-3127,FLOW,FLOW,ASK
22.25472039084864,99.97,1,ORD-3178,ORD-3127,FLOW,FLOW,ASK
22.25472039084864,99.97,3,ORD-3178,ORD-3176,FLOW,MM,ASK
22.25472039084864,99.98,3,ORD-3181,ORD-3180,FUND_ADAPT,MM,BID
22.328739983317924,99.99,3,ORD-3190,ORD-3189,FLOW,MM,BID
22.350523439875143,99.99,3,ORD-3193,ORD-3192,FLOW,MM,BID
22.38663607023647,99.98,3,ORD-3199,ORD-3197,FUND_ADAPT,MM,ASK
22.458300994136074,99.97,2,ORD-3215,ORD-3213,FLOW,MM,ASK
22.46062702685118,99.99,3,ORD-3218,ORD-3217,FLOW,MM,BID
22.46062702685118,100.0,1,ORD-3218,ORD-2666,FLOW,FLOW,BID
22.46062702685118,99.98,3,ORD-3221,ORD-3219,FUND_ADAPT,MM,ASK
22.52682209082227,99.97,3,ORD-3225,ORD-3223,FLOW,MM,ASK
22.52682209082227,99.96,1,ORD-3225,ORD-2643,FLOW,FLOW,ASK
22.52682209082227,99.98,3,ORD-3228,ORD-3227,FUND_ADAPT,MM,BID
22.576485519660537,99.99,3,ORD-3241,ORD-3240,FLOW,MM,BID
22.576485519660537,99.98,3,ORD-3244,ORD-3242,FUND_ADAPT,MM,ASK
22.579412328890264,100.0,2,ORD-3245,ORD-2666,FLOW,FLOW,BID
22.629417219744784,99.97,3,ORD-3250,ORD-3248,FLOW,MM,ASK
22.65456863091599,99.98,3,ORD-3256,ORD-3255,FUND_ADAPT,MM,BID
22.765991314290325,99.99,3,ORD-3269,ORD-3268,FUND_ADAPT,MM,BID
22.781578690777188,99.98,2,ORD-3272,ORD-3270,FLOW,MM,ASK
22.798787070732644,99.99,3,ORD-3280,ORD-3279,FUND_ADAPT,MM,BID
22.924038818058577,100.0,1,ORD-3286,ORD-2730,FLOW,FLOW,BID
22.93529396665116,100.0,4,ORD-3289,ORD-2730,FLOW,FLOW,BID
22.93529396665116,100.0,1,ORD-3289,ORD-2745,FLOW,FLOW,BID
22.96998169946076,100.0,3,ORD-3295,ORD-2745,FLOW,FLOW,BID
23.011840937049925,99.98,3,ORD-3300,ORD-3298,FUND_ADAPT,MM,ASK
23.026210198719546,99.98,1,ORD-3303,ORD-3301,FLOW,MM,ASK
23.026210198719546,99.98,3,ORD-3306,ORD-3304,FUND_ADAPT,MM,ASK
23.09555050735394,99.99,1,ORD-3315,ORD-3314,FLOW,MM,BID
23.152629142116854,99.97,2,ORD-3326,ORD-3292,FLOW,FLOW,ASK
23.20297089199074,99.99,1,ORD-3331,ORD-3330,FLOW,MM,BID
23.441313130389744,99.99,3,ORD-3360,ORD-3359,FLOW,MM,BID
23.563268453358866,99.98,3,ORD-3380,ORD-3378,FUND_ADAPT,MM,ASK
23.56814643656026,99.99,3,ORD-3383,ORD-3382,FUND_ADAPT,MM,BID
23.75946794301997,100.0,4,ORD-3397,ORD-2751,FLOW,FLOW,BID
23.8358581205191,100.0,2,ORD-3404,ORD-2776,FLOW,FLOW,BID
23.8358581205191,100.0,1,ORD-3404,ORD-2797,FLOW,FLOW,BID
23.8358581205191,100.0,1,ORD-3404,ORD-2870,FLOW,FLOW,BID
23.910316765882357,100.0,1,ORD-3410,ORD-2870,FLOW,FLOW,BID
23.910316765882357,100.0,4,ORD-3410,ORD-2985,FLOW,FLOW,BID
23.96937054678163,99.98,2,ORD-3416,ORD-3391,FLOW,FLOW,ASK
24.07493600508612,100.0,2,ORD-3440,ORD-2985,FLOW,FLOW,BID
24.07493600508612,100.0,1,ORD-3440,ORD-3023,FLOW,FLOW,BID
24.093072402928602,99.98,1,ORD-3443,ORD-3391,FLOW,FLOW,ASK
24.093072402928602,99.98,1,ORD-3443,ORD-3437,FLOW,FLOW,ASK
24.10181296214542,100.0,1,ORD-3446,ORD-3023,FLOW,FLOW,BID
24.14095069413855,100.0,4,ORD-3455,ORD-3023,FLOW,FLOW,BID
24.181783257147,100.0,1,ORD-3458,ORD-3046,FLOW,FLOW,BID
24.182243508146584,100.0,2,ORD-3461,ORD-3052,FLOW,FLOW,BID
24.31046661653979,99.98,1,ORD-3483,ORD-3437,FLOW,FLOW,ASK
24.330813509094384,100.0,1,ORD-3486,ORD-3052,FLOW,FLOW,BID
24.335627539362537,100.0,1,ORD-3489,ORD-3052,FLOW,FLOW,BID
24.335627539362537,100.0,1,ORD-3489,ORD-3078,FLOW,FLOW,BID
24.335627539362537,100.0,2,ORD-3489,ORD-3143,FLOW,FLOW,BID
24.476525804810645,100.0,1,ORD-3505,ORD-3204,FLOW,FLOW,BID
24.494499278797967,100.0,1,ORD-3511,ORD-3204,FLOW,FLOW,BID
24.54965576349659,99.98,2,ORD-3519,ORD-3437,FLOW,FLOW,ASK
24.677794649102935,100.0,4,ORD-3542,ORD-3204,FLOW,FLOW,BID
25.11727414765699,99.98,3,ORD-3575,ORD-3516,FLOW,FLOW,ASK
25.243878091204703,99.98,3,ORD-3595,ORD-3516,FLOW,FLOW,ASK
25.25994056535929,99.98,4,ORD-3605,ORD-3578,FUND_ADAPT,FLOW,ASK
25.263542329609123,100.0,5,ORD-3606,ORD-3321,FLOW,FLOW,BID
25.263542329609123,99.98,1,ORD-3609,ORD-3578,FUND_ADAPT,FLOW,ASK
25.263542329609123,99.98,3,ORD-3609,ORD-3607,FUND_ADAPT,MM,ASK
25.392182184374168,99.97,3,ORD-3621,ORD-3292,FLOW,FLOW,ASK
25.41558023737303,99.99,2,ORD-3624,ORD-3613,FLOW,FLOW,BID
25.434289768957395,99.97,1,ORD-3632,ORD-3292,FLOW,FLOW,ASK
25.476160169406757,99.99,1,ORD-3641,ORD-3613,FLOW,FLOW,BID
25.476160169406757,99.99,3,ORD-3641,ORD-3640,FLOW,MM,BID
25.51880441343139,100.0,1,ORD-3644,ORD-3321,FLOW,FLOW,BID
25.51880441343139,99.98,3,ORD-3647,ORD-3645,FUND_ADAPT,MM,ASK
25.56820050288686,99.99,3,ORD-3652,ORD-3651,FUND_ADAPT,MM,BID
25.62029585844441,100.0,1,ORD-3653,ORD-3346,FLOW,FLOW,BID
25.64560720962555,100.0,1,ORD-3659,ORD-3377,FLOW,FLOW,BID
25.64560720962555,100.0,1,ORD-3659,ORD-3384,FLOW,FLOW,BID
25.6899801026502,99.98,2,ORD-3665,ORD-3663,FLOW,MM,ASK
25.721077382349954,99.98,2,ORD-3671,ORD-3668,FLOW,FLOW,ASK
25.766890956794754,99.98,1,ORD-3680,ORD-3668,FLOW,FLOW,ASK
25.766890956794754,99.98,2,ORD-3680,ORD-3677,FLOW,FLOW,ASK
25.788839969966972,100.0,1,ORD-3688,ORD-3384,FLOW,FLOW,BID
25.824179604785854,100.0,1,ORD-3691,ORD-3384,FLOW,FLOW,BID
25.824179604785854,100.0,3,ORD-3691,ORD-3419,FLOW,FLOW,BID
25.831078801803823,99.98,4,ORD-3699,ORD-3677,FUND_ADAPT,FLOW,ASK
25.8402015455684,99.98,3,ORD-3702,ORD-3700,FUND_ADAPT,MM,ASK
25.859706265352504,99.99,3,ORD-3706,ORD-3705,FLOW,MM,BID
25.859706265352504,100.0,1,ORD-3706,ORD-3419,FLOW,FLOW,BID
25.8970658820317,99.98,3,ORD-3712,ORD-3710,FUND_ADAPT,MM,ASK
25.951956325204762,99.99,3,ORD-3716,ORD-3715,FLOW,MM,BID
25.97964025027425,99.99,2,ORD-3724,ORD-3716,FUND_ADAPT,FLOW,ASK
26.018399612213553,99.98,3,ORD-3734,ORD-3732,FUND_ADAPT,MM,ASK
26.12013588035478,99.99,2,ORD-3741,ORD-3740,FLOW,MM,BID
26.289174977251314,99.97,2,ORD-3758,ORD-3318,FLOW,FLOW,ASK
26.32021667105677,99.97,3,ORD-3761,ORD-3318,FLOW,FLOW,ASK
26.36753094493868,99.99,3,ORD-3764,ORD-3755,FLOW,FLOW,BID
26.372821368353673,99.99,2,ORD-3767,ORD-3755,FLOW,FLOW,BID
26.372821368353673,99.99,1,ORD-3767,ORD-3766,FLOW,MM,BID
26.372821368353673,99.98,3,ORD-3770,ORD-3768,FUND_ADAPT,MM,ASK
26.418418548083487,99.99,3,ORD-3775,ORD-3774,FLOW,MM,BID
26.418418548083487,100.0,1,ORD-3775,ORD-3419,FLOW,FLOW,BID
26.418418548083487,99.98,3,ORD-3778,ORD-3776,FUND_ADAPT,MM,ASK
26.505637665122613,99.97,2,ORD-3785,ORD-3374,FLOW,FLOW,ASK
26.5634635775493,99.97,2,ORD-3802,ORD-3431,FLOW,FLOW,ASK
26.5634635775493,99.97,2,ORD-3802,ORD-3449,FLOW,FLOW,ASK
26.588675544575462,99.98,2,ORD-3808,ORD-3805,FLOW,FLOW,BID
26.588675544575462,99.98,2,ORD-3808,ORD-3807,FLOW,MM,BID
26.664258195427426,99.99,4,ORD-3831,ORD-3794,FLOW,FLOW,BID
26.91661051669619,99.97,1,ORD-3856,ORD-3449,FLOW,FLOW,ASK
27.017837484113585,99.99,2,ORD-3879,ORD-3794,FLOW,FLOW,BID
27.10579433180569,99.99,4,ORD-3891,ORD-3882,FLOW,FLOW,BID
27.210602588904813,99.97,1,ORD-3914,ORD-3475,FLOW,FLOW,ASK
27.255460473716788,99.97,2,ORD-3926,ORD-3475,FLOW,FLOW,ASK
27.361981174266376,99.99,3,ORD-3943,ORD-3894,FLOW,FLOW,BID
27.410854265994054,99.97,3,ORD-3946,ORD-3475,FLOW,FLOW,ASK
27.410854265994054,99.97,2,ORD-3946,ORD-3480,FLOW,FLOW,ASK
27.4787032317687,99.99,1,ORD-3955,ORD-3932,FLOW,FLOW,BID
27.4787032317687,99.99,1,ORD-3955,ORD-3954,FLOW,MM,BID
27.52749712684916,99.98,3,ORD-3964,ORD-3962,FLOW,MM,ASK
27.60800376688903,99.97,1,ORD-3967,ORD-3480,FLOW,FLOW,ASK
27.60800376688903,99.97,1,ORD-3967,ORD-3545,FLOW,FLOW,ASK
27.80583848595561,99.97,1,ORD-3981,ORD-3545,FLOW,FLOW,ASK
27.813176247896852,99.97,2,ORD-3984,ORD-3545,FLOW,FLOW,ASK
27.813176247896852,99.96,2,ORD-3984,ORD-2643,FLOW,FLOW,ASK
27.855400882083867,99.97,3,ORD-3991,ORD-3990,FUND_ADAPT,MM,BID
27.865836513409022,99.98,2,ORD-3995,ORD-3964,FUND_ADAPT,FLOW,BID
27.865836513409022,99.98,2,ORD-3995,ORD-3992,FUND_ADAPT,FLOW,BID
27.86861940969786,99.98,1,ORD-3996,ORD-3992,FLOW,FLOW,BID
27.86861940969786,99.98,1,ORD-3999,ORD-3992,FUND_ADAPT,FLOW,BID
27.86861940969786,99.98,3,ORD-3999,ORD-3998,FUND_ADAPT,MM,BID
27.880794690692095,99.98,3,ORD-4003,ORD-4001,FUND_ADAPT,MM,ASK
27.910795682731045,99.99,2,ORD-4009,ORD-4008,FLOW,MM,BID
27.990940068933394,99.99,3,ORD-4023,ORD-4022,FLOW,MM,BID
27.990940068933394,99.98,3,ORD-4026,ORD-4024,FUND_ADAPT,MM,ASK
27.99470406154401,99.96,2,ORD-4027,ORD-2643,FLOW,FLOW,ASK
27.99470406154401,99.96,2,ORD-4027,ORD-2675,FLOW,FLOW,ASK
28.003018485251786,99.99,3,ORD-4030,ORD-4029,FLOW,MM,BID
28.01754991795815,100.0,1,ORD-4033,ORD-3428,FLOW,FLOW,BID
28.01754991795815,99.98,3,ORD-4036,ORD-4034,FUND_ADAPT,MM,ASK
28.019505328927007,99.96,2,ORD-4037,ORD-2675,FLOW,FLOW,ASK
28.019505328927007,99.96,1,ORD-4037,ORD-2727,FLOW,FLOW,ASK
28.019505328927007,99.96,1,ORD-4037,ORD-2764,FLOW,FLOW,ASK
28.076728524341117,99.99,2,ORD-4045,ORD-4040,FLOW,FLOW,BID
28.110862611633596,99.99,2,ORD-4051,ORD-4040,FLOW,FLOW,BID
28.110862611633596,99.99,1,ORD-4051,ORD-4050,FLOW,MM,BID
28.110862611633596,99.98,3,ORD-4054,ORD-4052,FUND_ADAPT,MM,ASK
28.186600146779718,99.98,3,ORD-4063,ORD-4062,FUND_ADAPT,MM,BID
28.20825878125524,99.99,3,ORD-4067,ORD-4060,FLOW,FLOW,BID
28.20825878125524,99.99,1,ORD-4070,ORD-4060,FUND_ADAPT,FLOW,BID
28.20825878125524,99.99,1,ORD-4070,ORD-4064,FUND_ADAPT,FLOW,BID
28.20825878125524,99.99,2,ORD-4070,ORD-4069,FUND_ADAPT,MM,BID
28.237766793243775,100.0,4,ORD-4073,ORD-3428,FLOW,FLOW,BID
28.245504252203776,99.98,2,ORD-4076,ORD-4074,FLOW,MM,ASK
28.246061741063947,99.98,3,ORD-4081,ORD-4079,FLOW,MM,ASK
28.246061741063947,99.96,1,ORD-4081,ORD-2821,FLOW,FLOW,ASK
28.407931839234156,99.99,3,ORD-4095,ORD-4094,FLOW,MM,BID
28.407931839234156,100.0,1,ORD-4095,ORD-3434,FLOW,FLOW,BID
28.458906792920946,99.99,3,ORD-4103,ORD-4101,FUND_ADAPT,MM,ASK
28.530521472135206,99.98,3,ORD-4112,ORD-4100,FUND_ADAPT,FLOW,ASK
28.530521472135206,99.98,1,ORD-4112,ORD-4104,FUND_ADAPT,FLOW,ASK
28.62204451260452,100.0,1,ORD-4113,ORD-3434,FLOW,FLOW,BID
28.66983172042588,100.0,1,ORD-4119,ORD-3434,FLOW,FLOW,BID
28.695312394821837,99.98,1,ORD-4127,ORD-4104,FUND_ADAPT,FLOW,ASK
28.695312394821837,99.98,3,ORD-4127,ORD-4125,FUND_ADAPT,MM,ASK
28.8435202193075,99.98,3,ORD-4137,ORD-4136,FUND_ADAPT,MM,BID
28.8562451773135,99.97,3,ORD-4141,ORD-4139,FLOW,MM,ASK
28.8562451773135,99.96,1,ORD-4141,ORD-2821,FLOW,FLOW,ASK
28.8562451773135,99.98,3,ORD-4144,ORD-4143,FUND_ADAPT,MM,BID
28.961052621789182,99.97,3,ORD-4156,ORD-4154,FLOW,MM,ASK
28.961052621789182,99.98,3,ORD-4159,ORD-4158,FUND_ADAPT,MM,BID
28.995883893285022,99.96,2,ORD-4160,ORD-2821,FLOW,FLOW,ASK
28.995883893285022,99.96,1,ORD-4160,ORD-2827,FLOW,FLOW,ASK
29.124547772947718,99.97,3,ORD-4176,ORD-4174,FLOW,MM,ASK
29.124547772947718,99.98,3,ORD-4179,ORD-4178,FUND_ADAPT,MM,BID
29.140480231724485,100.0,1,ORD-4180,ORD-3434,FLOW,FLOW,BID
29.216392926394654,99.99,2,ORD-4183,ORD-4182,FLOW,MM,BID
29.266579226183183,99.99,1,ORD-4189,ORD-4188,FLOW,MM,BID
29.266579226183183,99.98,3,ORD-4192,ORD-4190,FUND_ADAPT,MM,ASK
29.336972732630212,99.97,3,ORD-4198,ORD-4196,FLOW,MM,ASK
29.336972732630212,99.96,1,ORD-4198,ORD-2827,FLOW,FLOW,ASK
29.374416922881757,99.98,1,ORD-4206,ORD-4205,FLOW,MM,BID
29.39796670548572,99.97,1,ORD-4209,ORD-4207,FLOW,MM,ASK
29.448324005536005,99.98,2,ORD-4217,ORD-4216,FLOW,MM,BID
29.47043578919144,99.96,1,ORD-4223,ORD-2833,FLOW,FLOW,ASK
29.47152785448255,99.98,2,ORD-4226,ORD-4225,FLOW,MM,BID
29.48422555128977,99.97,1,ORD-4231,ORD-4229,FLOW,MM,ASK
29.5563811004118,99.98,3,ORD-4241,ORD-4240,FLOW,MM,BID
29.574732130206257,99.97,3,ORD-4244,ORD-4242,FLOW,MM,ASK
29.574732130206257,99.96,1,ORD-4244,ORD-2833,FLOW,FLOW,ASK
29.722456138626374,99.96,3,ORD-4267,ORD-2833,FLOW,FLOW,ASK
29.840994372798594,99.96,1,ORD-4289,ORD-2833,FLOW,FLOW,ASK
29.840994372798594,99.96,1,ORD-4289,ORD-2873,FLOW,FLOW,ASK
29.882956736390838,99.98,2,ORD-4300,ORD-4259,FLOW,FLOW,BID
29.882956736390838,99.98,1,ORD-4300,ORD-4275,FLOW,FLOW,BID
29.882956736390838,99.98,1,ORD-4300,ORD-4278,FLOW,FLOW,BID
29.924505400540895,99.96,2,ORD-4310,ORD-2873,FUND_ADAPT,FLOW,ASK
29.924505400540895,99.96,1,ORD-4310,ORD-2884,FUND_ADAPT,FLOW,ASK
29.924505400540895,99.96,1,ORD-4310,ORD-2929,FUND_ADAPT,FLOW,ASK
30.03011126744089,99.96,2,ORD-4317,ORD-2929,FUND_ADAPT,FLOW,ASK
30.03011126744089,99.96,2,ORD-4317,ORD-2932,FUND_ADAPT,FLOW,ASK
30.037744775418307,99.98,1,ORD-4318,ORD-4278,FLOW,FLOW,BID
30.037744775418307,99.96,3,ORD-4321,ORD-2932,FUND_ADAPT,FLOW,ASK
30.037744775418307,99.96,1,ORD-4321,ORD-2960,FUND_ADAPT,FLOW,ASK
30.043118391819164,99.98,3,ORD-4322,ORD-4278,FLOW,FLOW,BID
30.043118391819164,99.96,2,ORD-4325,ORD-2960,FUND_ADAPT,FLOW,ASK
30.043118391819164,99.96,2,ORD-4325,ORD-2979,FUND_ADAPT,FLOW,ASK
30.074465545713586,99.96,1,ORD-4332,ORD-2979,FLOW,FLOW,ASK
30.23612119141299,99.96,2,ORD-4339,ORD-2982,FUND_ADAPT,FLOW,ASK
30.23612119141299,99.96,2,ORD-4339,ORD-3158,FUND_ADAPT,FLOW,ASK
30.263970052690606,99.96,1,ORD-4343,ORD-3158,FUND_ADAPT,FLOW,ASK
30.263970052690606,99.96,3,ORD-4343,ORD-3184,FUND_ADAPT,FLOW,ASK
30.298547599746417,99.98,3,ORD-4344,ORD-4342,FLOW,MM,BID
30.298547599746417,99.99,1,ORD-4344,ORD-4212,FLOW,FLOW,BID
30.309694075661714,99.97,1,ORD-4347,ORD-4345,FLOW,MM,ASK
30.32273422195628,99.99,4,ORD-4353,ORD-4272,FLOW,FLOW,BID
30.32273422195628,99.97,3,ORD-4356,ORD-4354,FUND_ADAPT,MM,ASK
30.341798994621204,99.96,2,ORD-4360,ORD-3184,FUND_ADAPT,FLOW,ASK
30.341798994621204,99.96,2,ORD-4360,ORD-3196,FUND_ADAPT,FLOW,ASK
30.362336402069616,99.96,4,ORD-4364,ORD-3196,FUND_ADAPT,FLOW,ASK
30.384825489015224,99.96,3,ORD-4368,ORD-3253,FLOW,FLOW,ASK
30.38664327756524,99.98,2,ORD-4371,ORD-4357,FLOW,FLOW,BID
30.38664327756524,99.98,1,ORD-4371,ORD-4370,FLOW,MM,BID
30.406926758603237,99.96,2,ORD-4377,ORD-3253,FUND_ADAPT,FLOW,ASK
30.406926758603237,99.96,2,ORD-4377,ORD-3357,FUND_ADAPT,FLOW,ASK
30.412724899588863,99.98,3,ORD-4380,ORD-4379,FLOW,MM,BID
30.412724899588863,99.99,1,ORD-4380,ORD-4272,FLOW,FLOW,BID
30.415431493742943,99.97,3,ORD-4385,ORD-4383,FUND_ADAPT,MM,ASK
30.417353477399434,99.96,3,ORD-4389,ORD-3357,FUND_ADAPT,FLOW,ASK
30.417353477399434,99.96,1,ORD-4389,ORD-3494,FUND_ADAPT,FLOW,ASK
30.461095120590933,99.96,1,ORD-4395,ORD-3494,FUND_ADAPT,FLOW,ASK
30.461095120590933,99.96,2,ORD-4395,ORD-3522,FUND_ADAPT,FLOW,ASK
30.461095120590933,99.96,1,ORD-4395,ORD-3536,FUND_ADAPT,FLOW,ASK
30.484556667789022,99.96,4,ORD-4398,ORD-3536,FUND_ADAPT,FLOW,ASK
30.484951567488352,99.96,4,ORD-4402,ORD-3616,FUND_ADAPT,FLOW,ASK
30.494345144109435,99.98,3,ORD-4403,ORD-4401,FLOW,MM,BID
30.494345144109435,99.97,3,ORD-4406,ORD-4404,FUND_ADAPT,MM,ASK
30.501808595568296,99.96,1,ORD-4407,ORD-3616,FLOW,FLOW,ASK
30.501808595568296,99.96,2,ORD-4410,ORD-3627,FUND_ADAPT,FLOW,ASK
30.501808595568296,99.96,2,ORD-4410,ORD-3662,FUND_ADAPT,FLOW,ASK
30.508505865875197,99.96,1,ORD-4413,ORD-3662,FUND_ADAPT,FLOW,ASK
30.508505865875197,99.96,3,ORD-4413,ORD-3735,FUND_ADAPT,FLOW,ASK
30.539656231588307,99.96,2,ORD-4416,ORD-3735,FUND_ADAPT,FLOW,ASK
30.539656231588307,99.96,2,ORD-4416,ORD-3799,FUND_ADAPT,FLOW,ASK
30.54938531657402,99.96,3,ORD-4420,ORD-3799,FUND_ADAPT,FLOW,ASK
30.54938531657402,99.96,1,ORD-4420,ORD-3859,FUND_ADAPT,FLOW,ASK
30.55317257099321,99.96,1,ORD-4424,ORD-3859,FUND_ADAPT,FLOW,ASK
30.55317257099321,99.96,2,ORD-4424,ORD-3952,FUND_ADAPT,FLOW,ASK
30.55317257099321,99.96,1,ORD-4424,ORD-3978,FUND_ADAPT,FLOW,ASK
30.58519334359352,99.96,3,ORD-4428,ORD-3978,FUND_ADAPT,FLOW,ASK
30.58519334359352,99.96,1,ORD-4428,ORD-4004,FUND_ADAPT,FLOW,ASK
30.585751485802778,99.98,3,ORD-4429,ORD-4427,FLOW,MM,BID
30.622422528183918,99.97,1,ORD-4435,ORD-4433,FLOW,MM,ASK
30.7839087207919,99.97,3,ORD-4441,ORD-4439,FUND_ADAPT,MM,ASK
30.804219550771663,99.98,1,ORD-4447,ORD-4446,FLOW,MM,BID
30.804219550771663,99.96,4,ORD-4450,ORD-4004,FUND_ADAPT,FLOW,ASK
30.866690364752607,99.96,1,ORD-4454,ORD-4004,FUND_ADAPT,FLOW,ASK
30.866690364752607,99.96,2,ORD-4454,ORD-4012,FUND_ADAPT,FLOW,ASK
30.866690364752607,99.96,1,ORD-4454,ORD-4055,FUND_ADAPT,FLOW,ASK
30.91722657661729,99.96,1,ORD-4458,ORD-4107,FLOW,FLOW,ASK
30.91722657661729,99.96,1,ORD-4458,ORD-4128,FLOW,FLOW,ASK
30.98585302934959,99.96,1,ORD-4461,ORD-4128,FLOW,FLOW,ASK
30.98585302934959,99.96,1,ORD-4461,ORD-4134,FLOW,FLOW,ASK
30.98585302934959,99.96,2,ORD-4461,ORD-4138,FLOW,FLOW,ASK
31.00235598863249,99.96,2,ORD-4467,ORD-4138,FUND_ADAPT,FLOW,ASK
31.00235598863249,99.96,2,ORD-4467,ORD-4145,FUND_ADAPT,FLOW,ASK
31.073888150143276,99.96,1,ORD-4470,ORD-4145,FUND_ADAPT,FLOW,ASK
31.073888150143276,99.96,1,ORD-4470,ORD-4254,FUND_ADAPT,FLOW,ASK
31.073888150143276,99.96,1,ORD-4470,ORD-4326,FUND_ADAPT,FLOW,ASK
31.073888150143276,99.96,1,ORD-4470,ORD-4455,FUND_ADAPT,FLOW,ASK
31.104664739846765,99.96,1,ORD-4477,ORD-4455,FLOW,FLOW,ASK
31.124290969373114,99.96,4,ORD-4483,ORD-4455,FUND_ADAPT,FLOW,ASK
31.124398919143083,99.96,3,ORD-4487,ORD-4485,FUND_ADAPT,MM,ASK
31.148339380596326,99.95,2,ORD-4488,ORD-2693,FLOW,FLOW,ASK
31.153419894786335,99.95,4,ORD-4494,ORD-2693,FUND_ADAPT,FLOW,ASK
31.185994300395905,99.95,1,ORD-4497,ORD-2696,FUND_ADAPT,FLOW,ASK
31.185994300395905,99.95,1,ORD-4497,ORD-2699,FUND_ADAPT,FLOW,ASK
31.185994300395905,99.95,2,ORD-4497,ORD-2806,FUND_ADAPT,FLOW,ASK
31.20263785280011,99.95,4,ORD-4498,ORD-2815,FLOW,FLOW,ASK
31.221951209721873,99.97,2,ORD-4501,ORD-4500,FLOW,MM,BID
31.239506800559653,99.95,1,ORD-4506,ORD-2818,FLOW,FLOW,ASK
31.239506800559653,99.95,2,ORD-4506,ORD-2991,FLOW,FLOW,ASK
31.239506800559653,99.95,2,ORD-4506,ORD-3175,FLOW,FLOW,ASK
31.239506800559653,99.95,1,ORD-4509,ORD-3175,FUND_ADAPT,FLOW,ASK
31.239506800559653,99.95,3,ORD-4509,ORD-3187,FUND_ADAPT,FLOW,ASK
31.24409613286949,99.97,3,ORD-4510,ORD-4508,FLOW,MM,BID
31.24409613286949,99.96,3,ORD-4513,ORD-4511,FUND_ADAPT,MM,ASK
31.245610259936893,99.95,3,ORD-4517,ORD-3222,FUND_ADAPT,FLOW,ASK
31.245610259936893,99.95,1,ORD-4517,ORD-3238,FUND_ADAPT,FLOW,ASK
31.246357278570972,99.95,1,ORD-4518,ORD-3238,FLOW,FLOW,ASK
31.246357278570972,99.95,1,ORD-4518,ORD-3349,FLOW,FLOW,ASK
31.246357278570972,99.95,2,ORD-4518,ORD-3365,FLOW,FLOW,ASK
31.320304214024343,99.95,4,ORD-4531,ORD-3365,FUND_ADAPT,FLOW,ASK
31.324403544847453,99.95,4,ORD-4534,ORD-3368,FUND_ADAPT,FLOW,ASK
31.385665037154727,99.95,1,ORD-4549,ORD-3368,FUND_ADAPT,FLOW,ASK
31.385665037154727,99.95,3,ORD-4549,ORD-3413,FUND_ADAPT,FLOW,ASK
31.54694131394522,99.97,1,ORD-4562,ORD-4546,FLOW,FLOW,BID
31.6009145177339,99.95,2,ORD-4569,ORD-3413,FUND_ADAPT,FLOW,ASK
31.6009145177339,99.95,1,ORD-4569,ORD-3425,FUND_ADAPT,FLOW,ASK
31.6009145177339,99.95,1,ORD-4569,ORD-3548,FUND_ADAPT,FLOW,ASK
31.614240525883467,99.95,4,ORD-4576,ORD-3548,FUND_ADAPT,FLOW,ASK
31.615255915070176,99.95,1,ORD-4580,ORD-3548,FUND_ADAPT,FLOW,ASK
31.615255915070176,99.95,3,ORD-4580,ORD-3592,FUND_ADAPT,FLOW,ASK
31.67101899816498,99.95,3,ORD-4584,ORD-3592,FLOW,FLOW,ASK
31.67101899816498,99.95,2,ORD-4584,ORD-3683,FLOW,FLOW,ASK
31.69649784973241,99.95,4,ORD-4590,ORD-3683,FUND_ADAPT,FLOW,ASK
31.70636438824656,99.95,3,ORD-4593,ORD-3694,FUND_ADAPT,FLOW,ASK
31.70636438824656,99.95,1,ORD-4593,ORD-3709,FUND_ADAPT,FLOW,ASK
31.7277586671727,99.95,2,ORD-4596,ORD-3709,FUND_ADAPT,FLOW,ASK
31.7277586671727,99.95,2,ORD-4596,ORD-3728,FUND_ADAPT,FLOW,ASK
31.7592932645726,99.97,3,ORD-4600,ORD-4599,FLOW,MM,BID
31.7592932645726,99.98,1,ORD-4600,ORD-4451,FLOW,FLOW,BID
31.78673537629933,99.96,1,ORD-4606,ORD-4604,FLOW,MM,ASK
31.78673537629933,99.96,3,ORD-4609,ORD-4607,FUND_ADAPT,MM,ASK
31.792443064154227,99.95,4,ORD-4613,ORD-3728,FUND_ADAPT,FLOW,ASK
31.802146041562576,99.97,1,ORD-4614,ORD-4612,FLOW,MM,BID
31.811420106341163,99.95,2,ORD-4619,ORD-3744,FUND_ADAPT,FLOW,ASK
31.811420106341163,99.95,2,ORD-4619,ORD-3749,FUND_ADAPT,FLOW,ASK
31.820426413999837,99.97,3,ORD-4620,ORD-4618,FLOW,MM,BID
31.820426413999837,99.96,3,ORD-4623,ORD-4621,FUND_ADAPT,MM,ASK
31.822331335540266,99.98,2,ORD-4624,ORD-4451,FLOW,FLOW,BID
31.822331335540266,99.98,1,ORD-4624,ORD-4581,FLOW,FLOW,BID
31.822331335540266,99.96,3,ORD-4627,ORD-4625,FUND_ADAPT,MM,ASK
31.868281121094878,99.95,4,ORD-4634,ORD-3828,FUND_ADAPT,FLOW,ASK
31.886187828477055,99.95,1,ORD-4641,ORD-3828,FUND_ADAPT,FLOW,ASK
31.886187828477055,99.95,3,ORD-4641,ORD-3834,FUND_ADAPT,FLOW,ASK
31.9034966650127,99.95,2,ORD-4645,ORD-3834,FUND_ADAPT,FLOW,ASK
31.9034966650127,99.95,2,ORD-4645,ORD-3899,FUND_ADAPT,FLOW,ASK
31.915631297426412,99.97,3,ORD-4646,ORD-4644,FLOW,MM,BID
31.915631297426412,99.99,1,ORD-4646,ORD-4272,FLOW,FLOW,BID
31.915631297426412,99.96,3,ORD-4649,ORD-4647,FUND_ADAPT,MM,ASK
31.94404953266221,99.96,4,ORD-4653,ORD-4650,FLOW,FLOW,ASK
31.96254015850326,99.98,2,ORD-4656,ORD-4655,FLOW,MM,BID
31.96254015850326,99.96,2,ORD-4659,ORD-4650,FUND_ADAPT,FLOW,ASK
31.96254015850326,99.96,2,ORD-4659,ORD-4657,FUND_ADAPT,MM,ASK
31.96706684604596,99.96,1,ORD-4660,ORD-4657,FLOW,MM,ASK
32.02253744139674,99.95,1,ORD-4669,ORD-3899,FLOW,FLOW,ASK
32.102122422041795,99.95,4,ORD-4682,ORD-3909,FUND_ADAPT,FLOW,ASK
32.10265646336701,99.96,3,ORD-4683,ORD-4676,FLOW,FLOW,BID
32.11096633690144,99.95,2,ORD-4686,ORD-3940,FLOW,FLOW,ASK
32.11096633690144,99.95,1,ORD-4689,ORD-3940,FUND_ADAPT,FLOW,ASK
32.11096633690144,99.95,3,ORD-4689,ORD-3961,FUND_ADAPT,FLOW,ASK
32.17179250985084,99.95,3,ORD-4696,ORD-3961,FUND_ADAPT,FLOW,ASK
32.17179250985084,99.95,1,ORD-4696,ORD-4163,FUND_ADAPT,FLOW,ASK
32.178014940833485,99.95,4,ORD-4699,ORD-4163,FUND_ADAPT,FLOW,ASK
32.18411663224287,99.95,1,ORD-4700,ORD-4163,FLOW,FLOW,ASK
32.18411663224287,99.95,1,ORD-4700,ORD-4201,FLOW,FLOW,ASK
32.198645759119515,99.95,4,ORD-4705,ORD-4201,FUND_ADAPT,FLOW,ASK
32.198645759119515,99.95,1,ORD-4705,ORD-4297,FUND_ADAPT,FLOW,ASK
32.198645759119515,99.95,3,ORD-4705,ORD-4425,FUND_ADAPT,FLOW,ASK
32.225291501719234,99.96,3,ORD-4709,ORD-4708,FLOW,MM,BID
32.42889240467114,99.95,1,ORD-4726,ORD-4432,FLOW,FLOW,ASK
32.42889240467114,99.95,2,ORD-4726,ORD-4523,FLOW,FLOW,ASK
32.441418573057,99.95,1,ORD-4738,ORD-4523,FUND_ADAPT,FLOW,ASK
32.441418573057,99.95,3,ORD-4738,ORD-4555,FUND_ADAPT,FLOW,ASK
32.441418573057,99.95,4,ORD-4738,ORD-4573,FUND_ADAPT,FLOW,ASK
32.441418573057,99.95,2,ORD-4738,ORD-4631,FUND_ADAPT,FLOW,ASK
32.441418573057,99.95,3,ORD-4738,ORD-4736,FUND_ADAPT,MM,ASK
32.45165800551129,99.94,1,ORD-4741,ORD-2600,FUND_ADAPT,FLOW,ASK
32.45165800551129,99.94,5,ORD-4741,ORD-3105,FUND_ADAPT,FLOW,ASK
32.45165800551129,99.94,2,ORD-4741,ORD-3131,FUND_ADAPT,FLOW,ASK
32.48101201071725,99.94,3,ORD-4742,ORD-3131,FLOW,FLOW,ASK
32.48101201071725,99.94,1,ORD-4742,ORD-3209,FLOW,FLOW,ASK
32.505548906295175,99.96,3,ORD-4745,ORD-4744,FLOW,MM,BID
32.505548906295175,99.97,1,ORD-4745,ORD-4714,FLOW,FLOW,BID
32.505548906295175,99.94,5,ORD-4748,ORD-3235,FUND_ADAPT,FLOW,ASK
32.505548906295175,99.94,3,ORD-4748,ORD-3752,FUND_ADAPT,FLOW,ASK
32.518841614167975,99.94,3,ORD-4753,ORD-3752,FUND_ADAPT,FLOW,ASK
32.518841614167975,99.94,6,ORD-4753,ORD-3839,FUND_ADAPT,FLOW,ASK
32.518841614167975,99.94,3,ORD-4753,ORD-3853,FUND_ADAPT,FLOW,ASK
32.57357612566038,99.94,3,ORD-4764,ORD-3853,FUND_ADAPT,FLOW,ASK
32.57357612566038,99.94,2,ORD-4764,ORD-3873,FUND_ADAPT,FLOW,ASK
32.57357612566038,99.94,1,ORD-4764,ORD-4000,FUND_ADAPT,FLOW,ASK
32.57357612566038,99.94,4,ORD-4764,ORD-4015,FUND_ADAPT,FLOW,ASK
32.57357612566038,99.94,2,ORD-4764,ORD-4048,FUND_ADAPT,FLOW,ASK
32.60887985732277,99.94,2,ORD-4767,ORD-4048,FLOW,FLOW,ASK
32.639980717822986,99.96,3,ORD-4770,ORD-4769,FLOW,MM,BID
32.639980717822986,99.95,3,ORD-4773,ORD-4771,FUND_ADAPT,MM,ASK
32.65229318197152,99.94,1,ORD-4777,ORD-4048,FUND_ADAPT,FLOW,ASK
32.65229318197152,99.94,4,ORD-4777,ORD-4247,FUND_ADAPT,FLOW,ASK
32.65229318197152,99.94,2,ORD-4777,ORD-4262,FUND_ADAPT,FLOW,ASK
32.65229318197152,99.94,5,ORD-4777,ORD-4340,FUND_ADAPT,FLOW,ASK
32.688530580911824,99.96,1,ORD-4780,ORD-4779,FLOW,MM,BID
32.720464199337975,99.96,2,ORD-4783,ORD-4782,FLOW,MM,BID
32.752565098388885,99.95,3,ORD-4789,ORD-4787,FUND_ADAPT,MM,ASK
32.78765047954923,99.94,1,ORD-4793,ORD-4386,FUND_ADAPT,FLOW,ASK
32.78765047954923,99.94,1,ORD-4793,ORD-4421,FUND_ADAPT,FLOW,ASK
32.78765047954923,99.94,5,ORD-4793,ORD-4514,FUND_ADAPT,FLOW,ASK
32.78765047954923,99.94,2,ORD-4793,ORD-4610,FUND_ADAPT,FLOW,ASK
32.78765047954923,99.94,3,ORD-4793,ORD-4628,FUND_ADAPT,FLOW,ASK
32.80457509885619,99.96,3,ORD-4794,ORD-4792,FLOW,MM,BID
32.80457509885619,99.96,1,ORD-4797,ORD-4794,FUND_ADAPT,FLOW,ASK
32.80457509885619,99.96,3,ORD-4797,ORD-4795,FUND_ADAPT,MM,ASK
32.8157055624507,99.94,3,ORD-4798,ORD-4628,FLOW,FLOW,ASK
32.8157055624507,99.94,1,ORD-4798,ORD-4635,FLOW,FLOW,ASK
32.8157055624507,99.94,5,ORD-4801,ORD-4635,FUND_ADAPT,FLOW,ASK
32.8157055624507,99.94,2,ORD-4801,ORD-4642,FUND_ADAPT,FLOW,ASK
32.8157055624507,99.94,5,ORD-4801,ORD-4666,FUND_ADAPT,FLOW,ASK
32.84997482147167,99.94,3,ORD-4802,ORD-4774,FLOW,FLOW,ASK
32.84997482147167,99.94,2,ORD-4805,ORD-4774,FUND_ADAPT,FLOW,ASK
32.84997482147167,99.94,3,ORD-4805,ORD-4803,FUND_ADAPT,MM,ASK
32.88144486265877,99.93,3,ORD-4806,ORD-2554,FLOW,FLOW,ASK
32.88230807214038,99.93,1,ORD-4812,ORD-2554,FUND_ADAPT,FLOW,ASK
32.88230807214038,99.93,1,ORD-4812,ORD-4236,FUND_ADAPT,FLOW,ASK
32.88230807214038,99.93,1,ORD-4812,ORD-4284,FUND_ADAPT,FLOW,ASK
32.88230807214038,99.93,6,ORD-4812,ORD-4311,FUND_ADAPT,FLOW,ASK
32.88230807214038,99.93,1,ORD-4812,ORD-4314,FUND_ADAPT,FLOW,ASK
32.88230807214038,99.93,2,ORD-4812,ORD-4361,FUND_ADAPT,FLOW,ASK
32.89032844473153,99.93,2,ORD-4815,ORD-4399,FLOW,FLOW,ASK
32.89032844473153,99.93,1,ORD-4815,ORD-4464,FLOW,FLOW,ASK
33.0210699228518,99.93,5,ORD-4827,ORD-4464,FUND_ADAPT,FLOW,ASK
33.0210699228518,99.93,2,ORD-4827,ORD-4474,FUND_ADAPT,FLOW,ASK
33.0210699228518,99.93,1,ORD-4827,ORD-4484,FUND_ADAPT,FLOW,ASK
33.0210699228518,99.93,4,ORD-4827,ORD-4491,FUND_ADAPT,FLOW,ASK
33.10959755709574,99.93,1,ORD-4834,ORD-4491,FLOW,FLOW,ASK
33.17178762265503,99.94,3,ORD-4837,ORD-4836,FLOW,MM,BID
33.17178762265503,99.95,1,ORD-4837,ORD-4828,FLOW,FLOW,BID
33.18521568074994,99.95,2,ORD-4840,ORD-4828,FLOW,FLOW,BID
33.18521568074994,99.95,2,ORD-4840,ORD-4839,FLOW,MM,BID
33.18521568074994,99.94,3,ORD-4843,ORD-4841,FUND_ADAPT,MM,ASK
33.25999269018635,99.95,3,ORD-4847,ORD-4846,FLOW,MM,BID
33.25999269018635,99.93,4,ORD-4850,ORD-4577,FUND_ADAPT,FLOW,ASK
33.25999269018635,99.93,4,ORD-4850,ORD-4809,FUND_ADAPT,FLOW,ASK
33.25999269018635,99.93,3,ORD-4850,ORD-4848,FUND_ADAPT,MM,ASK
33.31438578617333,99.92,3,ORD-4851,ORD-4540,FLOW,FLOW,ASK
33.31438578617333,99.92,4,ORD-4854,ORD-4597,FUND_ADAPT,FLOW,ASK
33.31438578617333,99.92,4,ORD-4854,ORD-4735,FUND_ADAPT,FLOW,ASK
33.32213090540615,99.92,6,ORD-4858,ORD-4756,FUND_ADAPT,FLOW,ASK
33.32213090540615,99.92,2,ORD-4858,ORD-4761,FUND_ADAPT,FLOW,ASK
33.39034654813193,99.92,1,ORD-4864,ORD-4761,FLOW,FLOW,ASK
33.39034654813193,99.92,1,ORD-4864,ORD-4862,FLOW,MM,ASK
33.395335465232094,99.91,4,ORD-4869,ORD-4821,FUND_ADAPT,FLOW,ASK
33.399389755311866,99.93,2,ORD-4870,ORD-4868,FLOW,MM,BID
33.41148457323354,99.93,1,ORD-4873,ORD-4872,FLOW,MM,BID
33.41148457323354,99.91,3,ORD-4876,ORD-4874,FUND_ADAPT,MM,ASK
33.41915830794773,99.91,3,ORD-4880,ORD-4878,FUND_ADAPT,MM,ASK
33.44681932690912,99.92,1,ORD-4884,ORD-4883,FLOW,MM,BID
33.54881499227328,99.9,3,ORD-4890,ORD-4824,FLOW,FLOW,ASK
33.54881499227328,99.9,1,ORD-4890,ORD-4831,FLOW,FLOW,ASK
33.69310932408808,99.9,1,ORD-4898,ORD-4861,FLOW,FLOW,ASK
33.69310932408808,99.9,3,ORD-4898,ORD-4881,FLOW,FLOW,ASK
33.74377579509778,99.9,1,ORD-4901,ORD-4881,FLOW,FLOW,ASK
33.761979611162054,99.9,1,ORD-4904,ORD-4881,FLOW,FLOW,ASK
33.761979611162054,99.9,2,ORD-4904,ORD-4887,FLOW,FLOW,ASK
33.765919262549446,99.92,3,ORD-4907,ORD-4906,FLOW,MM,BID
33.765919262549446,99.92,3,ORD-4910,ORD-4907,FUND_ADAPT,FLOW,ASK
33.765919262549446,99.92,3,ORD-4910,ORD-4908,FUND_ADAPT,MM,ASK
33.92301166306387,99.9,4,ORD-4923,ORD-4887,FLOW,FLOW,ASK
34.06590704194436,99.89,1,ORD-4938,ORD-4937,FLOW,MM,BID
34.06590704194436,99.89,3,ORD-4941,ORD-4940,FUND_ADAPT,MM,BID
34.07868076447726,99.9,2,ORD-4945,ORD-4932,FUND_ADAPT,FLOW,BID
34.07868076447726,99.9,2,ORD-4945,ORD-4935,FUND_ADAPT,FLOW,BID
34.13201986612634,99.9,3,ORD-4951,ORD-4950,FUND_ADAPT,MM,BID
34.20013270203444,99.89,3,ORD-4955,ORD-4953,FLOW,MM,ASK
34.20013270203444,99.88,1,ORD-4955,ORD-4877,FLOW,FLOW,ASK
34.21264546374072,99.9,3,ORD-4961,ORD-4960,FUND_ADAPT,MM,BID
34.21898561754081,99.88,1,ORD-4962,ORD-4877,FLOW,FLOW,ASK
34.21898561754081,99.88,3,ORD-4962,ORD-4959,FLOW,MM,ASK
34.21898561754081,99.9,3,ORD-4965,ORD-4964,FUND_ADAPT,MM,BID
34.24704029540397,99.88,1,ORD-4969,ORD-4967,FLOW,MM,ASK
34.24704029540397,99.9,3,ORD-4972,ORD-4971,FUND_ADAPT,MM,BID
34.25159793716098,99.91,1,ORD-4973,ORD-4942,FLOW,FLOW,BID
34.25159793716098,99.92,1,ORD-4973,ORD-4915,FLOW,FLOW,BID
34.262632539726894,99.89,3,ORD-4976,ORD-4974,FLOW,MM,ASK
34.32413386410034,99.88,5,ORD-4987,ORD-4979,FLOW,FLOW,ASK
34.37685776963471,99.9,3,ORD-4996,ORD-4993,FUND_ADAPT,FLOW,BID
34.37685776963471,99.9,1,ORD-4996,ORD-4995,FUND_ADAPT,MM,BID
34.54319762432025,99.89,1,ORD-5011,ORD-5003,FLOW,FLOW,ASK
34.54319762432025,99.89,3,ORD-5011,ORD-5009,FLOW,MM,ASK
34.58797844275575,99.9,1,ORD-5016,ORD-5015,FLOW,MM,BID
34.7021149747521,99.9,3,ORD-5031,ORD-5030,FUND_ADAPT,MM,BID
34.72859802173756,99.88,1,ORD-5032,ORD-5000,FLOW,FLOW,ASK
34.77125430698758,99.89,1,ORD-5038,ORD-5036,FLOW,MM,ASK
34.841851776373844,99.89,1,ORD-5043,ORD-5041,FLOW,MM,ASK
34.841851776373844,99.9,3,ORD-5046,ORD-5045,FUND_ADAPT,MM,BID
34.869038689595534,99.88,3,ORD-5047,ORD-5000,FLOW,FLOW,ASK
34.869038689595534,99.88,1,ORD-5047,ORD-5044,FLOW,MM,ASK
34.97374637835172,99.9,3,ORD-5058,ORD-5057,FUND_ADAPT,MM,BID
35.07075367148456,99.91,1,ORD-5067,ORD-4984,FUND_ADAPT,FLOW,BID
35.07075367148456,99.91,3,ORD-5067,ORD-4990,FUND_ADAPT,FLOW,BID
35.127909159612756,99.89,3,ORD-5073,ORD-5071,FLOW,MM,ASK
35.127909159612756,99.9,3,ORD-5076,ORD-5075,FUND_ADAPT,MM,BID
35.14519696546366,99.89,1,ORD-5080,ORD-5078,FLOW,MM,ASK
35.1477620060073,99.91,1,ORD-5085,ORD-4990,FUND_ADAPT,FLOW,BID
35.1477620060073,99.91,6,ORD-5085,ORD-5024,FUND_ADAPT,FLOW,BID
35.1477620060073,99.91,3,ORD-5085,ORD-5084,FUND_ADAPT,MM,BID
35.21707134773643,99.89,3,ORD-5086,ORD-5083,FLOW,MM,ASK
35.21707134773643,99.87,1,ORD-5086,ORD-4895,FLOW,FLOW,ASK
35.21707134773643,99.91,3,ORD-5089,ORD-5088,FUND_ADAPT,MM,BID
35.24951578695155,99.92,4,ORD-5095,ORD-4915,FUND_ADAPT,FLOW,BID
35.24951578695155,99.92,3,ORD-5095,ORD-4958,FUND_ADAPT,FLOW,BID
35.24951578695155,99.92,1,ORD-5095,ORD-5006,FUND_ADAPT,FLOW,BID
35.25158311944534,99.92,4,ORD-5099,ORD-5006,FUND_ADAPT,FLOW,BID
35.25158311944534,99.92,4,ORD-5099,ORD-5019,FUND_ADAPT,FLOW,BID
35.30601836054571,99.92,2,ORD-5106,ORD-5019,FUND_ADAPT,FLOW,BID
35.30601836054571,99.92,6,ORD-5106,ORD-5055,FUND_ADAPT,FLOW,BID
35.31335603063027,99.92,3,ORD-5107,ORD-5059,FLOW,FLOW,BID
35.37239955370917,99.9,2,ORD-5116,ORD-5114,FLOW,MM,ASK
35.423567544173565,99.92,5,ORD-5125,ORD-5068,FUND_ADAPT,FLOW,BID
35.423567544173565,99.92,3,ORD-5125,ORD-5077,FUND_ADAPT,FLOW,BID
35.437982008215656,99.9,3,ORD-5126,ORD-5123,FLOW,MM,ASK
35.437982008215656,99.87,1,ORD-5126,ORD-5035,FLOW,FLOW,ASK
35.437982008215656,99.91,3,ORD-5129,ORD-5128,FUND_ADAPT,MM,BID
35.445011029218016,99.92,1,ORD-5130,ORD-5077,FLOW,FLOW,BID
35.445011029218016,99.92,2,ORD-5130,ORD-5100,FLOW,FLOW,BID
35.50267941585875,99.92,2,ORD-5142,ORD-5100,FUND_ADAPT,FLOW,BID
35.50267941585875,99.92,3,ORD-5142,ORD-5136,FUND_ADAPT,FLOW,BID
35.50267941585875,99.92,3,ORD-5142,ORD-5141,FUND_ADAPT,MM,BID
35.509364878405286,99.93,1,ORD-5143,ORD-4929,FLOW,FLOW,BID
35.509364878405286,99.93,3,ORD-5146,ORD-4929,FUND_ADAPT,FLOW,BID
35.509364878405286,99.93,1,ORD-5146,ORD-5113,FUND_ADAPT,FLOW,BID
35.5631791793187,99.93,4,ORD-5150,ORD-5113,FUND_ADAPT,FLOW,BID
35.67958701741341,99.93,1,ORD-5155,ORD-5113,FUND_ADAPT,FLOW,BID
35.67958701741341,99.93,2,ORD-5155,ORD-5119,FUND_ADAPT,FLOW,BID
35.67958701741341,99.93,1,ORD-5155,ORD-5147,FUND_ADAPT,FLOW,BID
35.81287419950131,99.92,3,ORD-5161,ORD-5159,FLOW,MM,ASK
35.81287419950131,99.9,1,ORD-5161,ORD-5158,FLOW,FLOW,ASK
35.83986685649196,99.93,4,ORD-5167,ORD-5147,FLOW,FLOW,BID
35.94496885317057,99.94,3,ORD-5175,ORD-4952,FLOW,FLOW,BID
35.979155465670694,99.93,3,ORD-5178,ORD-5176,FLOW,MM,ASK
35.99871955451633,99.94,3,ORD-5184,ORD-5103,FLOW,FLOW,BID
35.99871955451633,99.94,1,ORD-5184,ORD-5122,FLOW,FLOW,BID
36.1076145183861,99.92,4,ORD-5196,ORD-5164,FLOW,FLOW,ASK
36.27077471049333,99.94,5,ORD-5223,ORD-5122,FLOW,FLOW,BID
36.27077471049333,99.94,1,ORD-5223,ORD-5133,FLOW,FLOW,BID
36.41615165592222,99.92,2,ORD-5246,ORD-5164,FLOW,FLOW,ASK
36.41615165592222,99.92,1,ORD-5246,ORD-5187,FLOW,FLOW,ASK
36.42968713568403,99.92,2,ORD-5249,ORD-5208,FLOW,FLOW,ASK
36.47686339706218,99.92,1,ORD-5266,ORD-5208,FLOW,FLOW,ASK
36.5346315739182,99.92,3,ORD-5277,ORD-5208,FLOW,FLOW,ASK
36.555239459138654,99.92,3,ORD-5283,ORD-5243,FLOW,FLOW,ASK
36.664518651406205,99.94,2,ORD-5289,ORD-5133,FLOW,FLOW,BID
36.67790997240179,99.94,1,ORD-5292,ORD-5133,FLOW,FLOW,BID
36.6780403730665,99.93,3,ORD-5295,ORD-5293,FLOW,MM,ASK
36.731391289786295,99.94,1,ORD-5304,ORD-5303,FLOW,MM,BID
36.76970544295147,99.92,3,ORD-5316,ORD-5314,FLOW,MM,ASK
36.76970544295147,99.93,3,ORD-5319,ORD-5318,FUND_ADAPT,MM,BID
36.81663676034386,99.92,1,ORD-5325,ORD-5323,FLOW,MM,ASK
36.86179186338973,99.92,2,ORD-5331,ORD-5329,FLOW,MM,ASK
36.8854156134364,99.93,3,ORD-5341,ORD-5340,FUND_ADAPT,MM,BID
37.048777615727744,99.95,2,ORD-5342,ORD-4855,FLOW,FLOW,BID
37.049854718909664,99.92,3,ORD-5345,ORD-5343,FLOW,MM,ASK
37.049854718909664,99.93,3,ORD-5348,ORD-5347,FUND_ADAPT,MM,BID
37.13047629912307,99.92,1,ORD-5357,ORD-5354,FLOW,FLOW,ASK
37.31640180026074,99.92,2,ORD-5375,ORD-5354,FLOW,FLOW,ASK
37.3172626491254,99.94,1,ORD-5378,ORD-5377,FLOW,MM,BID
37.36277567503965,99.93,1,ORD-5383,ORD-5381,FLOW,MM,ASK
37.42869948322658,99.94,2,ORD-5389,ORD-5388,FLOW,MM,BID
37.50389358718244,99.93,2,ORD-5405,ORD-5403,FLOW,MM,ASK
37.60852114694018,99.92,3,ORD-5413,ORD-5354,FLOW,FLOW,ASK
37.60852114694018,99.92,1,ORD-5413,ORD-5367,FLOW,FLOW,ASK
37.65828809627914,99.94,3,ORD-5422,ORD-5421,FLOW,MM,BID
37.77358915595223,99.93,3,ORD-5446,ORD-5444,FLOW,MM,ASK
37.91454516131226,99.92,2,ORD-5461,ORD-5367,FLOW,FLOW,ASK
37.93752714062076,99.92,1,ORD-5467,ORD-5367,FLOW,FLOW,ASK
37.93752714062076,99.92,1,ORD-5467,ORD-5441,FLOW,FLOW,ASK
37.94640263716839,99.94,1,ORD-5470,ORD-5452,FLOW,FLOW,BID
37.94640263716839,99.94,2,ORD-5470,ORD-5469,FLOW,MM,BID
37.954196754300014,99.93,3,ORD-5473,ORD-5471,FLOW,MM,ASK
37.975877938861856,99.92,1,ORD-5482,ORD-5441,FLOW,FLOW,ASK
38.00110066706208,99.92,1,ORD-5488,ORD-5476,FLOW,FLOW,ASK
38.00110066706208,99.92,3,ORD-5488,ORD-5485,FLOW,FLOW,ASK
38.04879463166946,99.92,1,ORD-5491,ORD-5485,FLOW,FLOW,ASK
38.04879463166946,99.91,1,ORD-5491,ORD-5226,FLOW,FLOW,ASK
38.04879463166946,99.91,1,ORD-5491,ORD-5328,FLOW,FLOW,ASK
38.04879463166946,99.93,1,ORD-5494,ORD-5473,FUND_ADAPT,FLOW,BID
38.04879463166946,99.93,3,ORD-5494,ORD-5493,FUND_ADAPT,MM,BID
38.05790774884419,99.94,4,ORD-5498,ORD-5495,FUND_ADAPT,FLOW,ASK
38.15809289642497,99.94,1,ORD-5518,ORD-5495,FLOW,FLOW,ASK
38.15809289642497,99.94,3,ORD-5518,ORD-5516,FLOW,MM,ASK
38.18126412863124,99.92,4,ORD-5521,ORD-5504,FLOW,FLOW,ASK
38.18126412863124,99.93,2,ORD-5524,ORD-5518,FUND_ADAPT,FLOW,BID
38.18126412863124,99.93,2,ORD-5524,ORD-5523,FUND_ADAPT,MM,BID
38.203477143763976,99.93,1,ORD-5525,ORD-5523,FLOW,MM,BID
38.203477143763976,99.95,2,ORD-5525,ORD-4855,FLOW,FLOW,BID
38.21771647512882,99.94,1,ORD-5528,ORD-5527,FLOW,MM,BID
38.239725674144196,99.93,2,ORD-5534,ORD-5532,FLOW,MM,ASK
38.24754103491827,99.94,3,ORD-5537,ORD-5536,FLOW,MM,BID
38.280071699248374,99.93,3,ORD-5543,ORD-5541,FLOW,MM,ASK
38.32858670201595,99.92,3,ORD-5546,ORD-5544,FLOW,MM,ASK
38.32858670201595,99.91,1,ORD-5546,ORD-5328,FLOW,FLOW,ASK
38.38042206806855,99.94,3,ORD-5559,ORD-5558,FUND_ADAPT,MM,BID
38.478710824400274,99.92,1,ORD-5570,ORD-5568,FLOW,MM,ASK
38.48622317281082,99.92,1,ORD-5573,ORD-5571,FLOW,MM,ASK
38.49391425523215,99.94,3,ORD-5578,ORD-5577,FUND_ADAPT,MM,BID
38.53532508882638,99.92,3,ORD-5579,ORD-5576,FLOW,MM,ASK
38.546613750662104,99.92,3,ORD-5585,ORD-5579,FUND_ADAPT,FLOW,BID
38.546613750662104,99.92,1,ORD-5585,ORD-5582,FUND_ADAPT,FLOW,BID
38.546613750662104,99.92,3,ORD-5585,ORD-5584,FUND_ADAPT,MM,BID
38.618682515174655,99.94,3,ORD-5589,ORD-5588,FUND_ADAPT,MM,BID
38.62574452281956,99.92,3,ORD-5590,ORD-5587,FLOW,MM,ASK
38.62574452281956,99.94,3,ORD-5593,ORD-5592,FUND_ADAPT,MM,BID
38.66267479532641,99.95,1,ORD-5596,ORD-4855,FUND_ADAPT,FLOW,BID
38.66267479532641,99.95,3,ORD-5596,ORD-5096,FUND_ADAPT,FLOW,BID
38.739270902517646,99.95,1,ORD-5605,ORD-5096,FLOW,FLOW,BID
38.774466464515996,99.95,2,ORD-5614,ORD-5096,FUND_ADAPT,FLOW,BID
38.774466464515996,99.95,2,ORD-5614,ORD-5110,FUND_ADAPT,FLOW,BID
38.89358414605544,99.95,2,ORD-5625,ORD-5110,FUND_ADAPT,FLOW,BID
38.89358414605544,99.95,2,ORD-5625,ORD-5193,FUND_ADAPT,FLOW,BID
38.89435264068322,99.95,3,ORD-5626,ORD-5193,FLOW,FLOW,BID
38.89581659219132,99.95,1,ORD-5632,ORD-5193,FUND_ADAPT,FLOW,BID
38.89581659219132,99.95,1,ORD-5632,ORD-5214,FUND_ADAPT,FLOW,BID
38.89581659219132,99.95,2,ORD-5632,ORD-5232,FUND_ADAPT,FLOW,BID
38.966961290424265,99.95,2,ORD-5643,ORD-5232,FUND_ADAPT,FLOW,BID
38.966961290424265,99.95,2,ORD-5643,ORD-5252,FUND_ADAPT,FLOW,BID
39.04630718959632,99.95,4,ORD-5655,ORD-5298,FUND_ADAPT,FLOW,BID
39.05656403820312,99.94,1,ORD-5656,ORD-5653,FLOW,MM,ASK
39.05656403820312,99.95,2,ORD-5659,ORD-5298,FUND_ADAPT,FLOW,BID
39.05656403820312,99.95,2,ORD-5659,ORD-5410,FUND_ADAPT,FLOW,BID
39.0965244185004,99.95,1,ORD-5660,ORD-5410,FLOW,FLOW,BID
39.132371241670754,99.95,1,ORD-5666,ORD-5410,FLOW,FLOW,BID
39.22916605147428,99.95,1,ORD-5672,ORD-5425,FUND_ADAPT,FLOW,BID
39.22916605147428,99.95,1,ORD-5672,ORD-5531,FUND_ADAPT,FLOW,BID
39.22916605147428,99.95,2,ORD-5672,ORD-5540,FUND_ADAPT,FLOW,BID
39.22961126459466,99.95,1,ORD-5673,ORD-5540,FLOW,FLOW,BID
39.22961126459466,99.96,1,ORD-5673,ORD-4844,FLOW,FLOW,BID
39.22961126459466,99.96,2,ORD-5676,ORD-4844,FUND_ADAPT,FLOW,BID
39.22961126459466,99.96,1,ORD-5676,ORD-5205,FUND_ADAPT,FLOW,BID
39.22961126459466,99.96,1,ORD-5676,ORD-5211,FUND_ADAPT,FLOW,BID
39.279963538295526,99.96,5,ORD-5679,ORD-5235,FUND_ADAPT,FLOW,BID
39.279963538295526,99.96,3,ORD-5679,ORD-5269,FUND_ADAPT,FLOW,BID
39.378527210176685,99.96,2,ORD-5686,ORD-5269,FLOW,FLOW,BID
39.40852452278187,99.96,2,ORD-5692,ORD-5286,FUND_ADAPT,FLOW,BID
39.40852452278187,99.96,2,ORD-5692,ORD-5336,FUND_ADAPT,FLOW,BID
39.45395999780517,99.96,3,ORD-5696,ORD-5336,FUND_ADAPT,FLOW,BID
39.45395999780517,99.96,1,ORD-5696,ORD-5428,FUND_ADAPT,FLOW,BID
39.49890130614441,99.96,4,ORD-5702,ORD-5428,FUND_ADAPT,FLOW,BID
39.533451080579816,99.96,1,ORD-5709,ORD-5428,FLOW,FLOW,BID
39.533451080579816,99.96,2,ORD-5709,ORD-5449,FLOW,FLOW,BID
39.55960456873065,99.95,3,ORD-5712,ORD-5710,FLOW,MM,ASK
39.584719439820184,99.96,2,ORD-5718,ORD-5449,FUND_ADAPT,FLOW,BID
39.584719439820184,99.96,2,ORD-5718,ORD-5513,FUND_ADAPT,FLOW,BID
39.584719439820184,99.96,3,ORD-5718,ORD-5562,FUND_ADAPT,FLOW,BID
39.584719439820184,99.96,1,ORD-5718,ORD-5629,FUND_ADAPT,FLOW,BID
39.590985663407224,99.96,3,ORD-5719,ORD-5629,FLOW,FLOW,BID
39.590985663407224,99.96,1,ORD-5722,ORD-5640,FUND_ADAPT,FLOW,BID
39.590985663407224,99.96,1,ORD-5722,ORD-5663,FUND_ADAPT,FLOW,BID
39.590985663407224,99.96,5,ORD-5722,ORD-5669,FUND_ADAPT,FLOW,BID
39.590985663407224,99.96,1,ORD-5722,ORD-5703,FUND_ADAPT,FLOW,BID
39.59352443999145,99.94,1,ORD-5723,ORD-5680,FLOW,FLOW,ASK
39.59352443999145,99.94,4,ORD-5723,ORD-5683,FLOW,FLOW,ASK
39.59352443999145,99.96,5,ORD-5726,ORD-5703,FUND_ADAPT,FLOW,BID
39.59352443999145,99.96,1,ORD-5726,ORD-5706,FUND_ADAPT,FLOW,BID
39.59352443999145,99.96,2,ORD-5726,ORD-5725,FUND_ADAPT,MM,BID
39.734746983279805,99.97,1,ORD-5734,ORD-4714,FLOW,FLOW,BID
39.74260229112695,99.97,2,ORD-5737,ORD-5181,FLOW,FLOW,BID
39.74260229112695,99.97,1,ORD-5737,ORD-5229,FLOW,FLOW,BID
39.74260229112695,99.97,1,ORD-5737,ORD-5238,FLOW,FLOW,BID
39.74718609992486,99.95,3,ORD-5740,ORD-5738,FLOW,MM,ASK
39.78674600813898,99.96,1,ORD-5743,ORD-5742,FLOW,MM,BID
39.988721029599084,99.97,3,ORD-5775,ORD-5238,FLOW,FLOW,BID
39.988721029599084,99.97,1,ORD-5775,ORD-5257,FLOW,FLOW,BID
40.12515892375924,99.97,1,ORD-5784,ORD-5257,FLOW,FLOW,BID
40.12515892375924,99.97,2,ORD-5784,ORD-5311,FLOW,FLOW,BID
40.145337712462855,99.95,2,ORD-5787,ORD-5746,FLOW,FLOW,ASK
40.145337712462855,99.95,2,ORD-5787,ORD-5772,FLOW,FLOW,ASK
40.225930416680406,99.95,3,ORD-5796,ORD-5772,FLOW,FLOW,ASK
40.2706251015152,99.95,3,ORD-5802,ORD-5800,FLOW,MM,ASK
40.389705254615244,99.94,2,ORD-5808,ORD-5683,FLOW,FLOW,ASK
40.389705254615244,99.96,3,ORD-5811,ORD-5810,FUND_ADAPT,MM,BID
40.44226289380793,99.97,4,ORD-5817,ORD-5311,FUND_ADAPT,FLOW,BID
40.494938460251774,99.97,1,ORD-5821,ORD-5386,FLOW,FLOW,BID
40.50866725742531,99.95,3,ORD-5824,ORD-5822,FLOW,MM,ASK
40.50866725742531,99.94,1,ORD-5824,ORD-5727,FLOW,FLOW,ASK
40.53172531821664,99.96,3,ORD-5833,ORD-5832,FUND_ADAPT,MM,BID
40.54550757152435,99.94,2,ORD-5834,ORD-5805,FLOW,FLOW,ASK
40.54550757152435,99.94,2,ORD-5834,ORD-5812,FLOW,FLOW,ASK
40.5683836711465,99.97,1,ORD-5839,ORD-5386,FLOW,FLOW,BID
40.5683836711465,99.97,1,ORD-5839,ORD-5392,FLOW,FLOW,BID
40.6015592128938,99.97,1,ORD-5845,ORD-5392,FUND_ADAPT,FLOW,BID
40.6015592128938,99.97,3,ORD-5845,ORD-5479,FUND_ADAPT,FLOW,BID
40.63624581017445,99.95,2,ORD-5848,ORD-5846,FLOW,MM,ASK
40.645015095823254,99.94,2,ORD-5851,ORD-5812,FLOW,FLOW,ASK
40.65401974908455,99.96,3,ORD-5856,ORD-5855,FUND_ADAPT,MM,BID
40.71273402250249,99.94,4,ORD-5857,ORD-5842,FLOW,FLOW,ASK
40.71273402250249,99.96,3,ORD-5860,ORD-5859,FUND_ADAPT,MM,BID
40.71771708771676,99.94,3,ORD-5861,ORD-5858,FLOW,MM,ASK
40.721274734891956,99.94,2,ORD-5864,ORD-5861,FLOW,FLOW,BID
40.721274734891956,99.95,1,ORD-5864,ORD-5863,FLOW,MM,BID
40.749152073902835,99.97,2,ORD-5874,ORD-5479,FUND_ADAPT,FLOW,BID
40.749152073902835,99.97,2,ORD-5874,ORD-5556,FUND_ADAPT,FLOW,BID
40.78151407509577,99.97,1,ORD-5880,ORD-5556,FUND_ADAPT,FLOW,BID
40.78151407509577,99.97,3,ORD-5880,ORD-5757,FUND_ADAPT,FLOW,BID
40.844344041257536,99.97,4,ORD-5884,ORD-5793,FUND_ADAPT,FLOW,BID
40.85282621458008,99.97,2,ORD-5888,ORD-5793,FUND_ADAPT,FLOW,BID
40.85282621458008,99.97,1,ORD-5888,ORD-5799,FUND_ADAPT,FLOW,BID
40.85282621458008,99.97,1,ORD-5888,ORD-5877,FUND_ADAPT,FLOW,BID
40.883270118282475,99.97,1,ORD-5891,ORD-5877,FLOW,FLOW,BID
40.883270118282475,99.97,3,ORD-5894,ORD-5877,FUND_ADAPT,FLOW,BID
40.927053385607685,99.98,2,ORD-5901,ORD-4717,FLOW,FLOW,BID
40.99071494368458,99.97,3,ORD-5907,ORD-5905,FLOW,MM,ASK
41.00109389759281,99.98,2,ORD-5913,ORD-4717,FUND_ADAPT,FLOW,BID
41.00109389759281,99.98,2,ORD-5913,ORD-4723,FUND_ADAPT,FLOW,BID
41.014606993691494,99.98,4,ORD-5916,ORD-4723,FUND_ADAPT,FLOW,BID
41.03000260068121,99.96,1,ORD-5917,ORD-5885,FLOW,FLOW,ASK
41.06259420730971,99.98,4,ORD-5924,ORD-5397,FUND_ADAPT,FLOW,BID
41.113495347786355,99.98,3,ORD-5925,ORD-5402,FLOW,FLOW,BID
41.113495347786355,99.98,2,ORD-5928,ORD-5402,FUND_ADAPT,FLOW,BID
41.113495347786355,99.98,2,ORD-5928,ORD-5499,FUND_ADAPT,FLOW,BID
41.117858680425165,99.96,2,ORD-5929,ORD-5885,FLOW,FLOW,ASK
41.117858680425165,99.96,1,ORD-5929,ORD-5898,FLOW,FLOW,ASK
41.13267414845103,99.98,4,ORD-5932,ORD-5499,FLOW,FLOW,BID
41.14211062393993,99.96,1,ORD-5935,ORD-5898,FLOW,FLOW,ASK
41.14211062393993,99.96,3,ORD-5935,ORD-5933,FLOW,MM,ASK
41.29124794569055,99.97,3,ORD-5957,ORD-5956,FLOW,MM,BID
41.30100600943112,99.96,3,ORD-5960,ORD-5958,FLOW,MM,ASK
41.30100600943112,99.96,1,ORD-5963,ORD-5960,FUND_ADAPT,FLOW,BID
41.30100600943112,99.96,3,ORD-5963,ORD-5962,FUND_ADAPT,MM,BID
41.332211250627914,99.98,4,ORD-5964,ORD-5510,FLOW,FLOW,BID
41.33484532410201,99.98,3,ORD-5967,ORD-5600,FLOW,FLOW,BID
41.37896970550628,99.96,1,ORD-5970,ORD-5968,FLOW,MM,ASK
41.48926135331296,99.97,3,ORD-5985,ORD-5984,FLOW,MM,BID
41.56128435477221,99.98,3,ORD-5991,ORD-5608,FLOW,FLOW,BID
41.600501229396535,99.98,3,ORD-5994,ORD-5689,FLOW,FLOW,BID
41.600501229396535,99.98,1,ORD-5994,ORD-5778,FLOW,FLOW,BID
41.89750420905479,99.98,2,ORD-6018,ORD-5778,FLOW,FLOW,BID
41.95944613355511,99.98,1,ORD-6029,ORD-5781,FLOW,FLOW,BID
41.96241482027833,99.96,1,ORD-6035,ORD-6009,FLOW,FLOW,ASK
41.9846209658902,99.96,4,ORD-6038,ORD-6009,FLOW,FLOW,ASK
42.014701678825205,99.96,1,ORD-6043,ORD-6009,FUND_ADAPT,FLOW,ASK
42.014701678825205,99.96,3,ORD-6043,ORD-6041,FUND_ADAPT,MM,ASK
42.02969564221692,99.95,1,ORD-6044,ORD-5881,FLOW,FLOW,ASK
42.02969564221692,99.95,2,ORD-6044,ORD-5946,FLOW,FLOW,ASK
42.10531196901159,99.97,3,ORD-6053,ORD-6052,FLOW,MM,BID
42.10531196901159,99.98,1,ORD-6053,ORD-5781,FLOW,FLOW,BID
42.18614554279869,99.98,2,ORD-6069,ORD-5781,FUND_ADAPT,FLOW,BID
42.18614554279869,99.98,1,ORD-6069,ORD-5830,FUND_ADAPT,FLOW,BID
42.18614554279869,99.98,1,ORD-6069,ORD-5997,FUND_ADAPT,FLOW,BID
42.240476908964986,99.98,1,ORD-6075,ORD-5997,FUND_ADAPT,FLOW,BID
42.240476908964986,99.98,3,ORD-6075,ORD-6074,FUND_ADAPT,MM,BID
42.45774423011294,99.99,4,ORD-6091,ORD-4350,FLOW,FLOW,BID
42.47645354807012,99.98,1,ORD-6094,ORD-6082,FLOW,FLOW,ASK
42.47645354807012,99.98,3,ORD-6094,ORD-6092,FLOW,MM,ASK
42.5064055325941,99.99,1,ORD-6111,ORD-4350,FLOW,FLOW,BID
42.57321315028377,99.97,3,ORD-6116,ORD-6114,FLOW,MM,ASK
42.57321315028377,99.96,1,ORD-6116,ORD-6076,FLOW,FLOW,ASK
42.57486536959309,99.98,3,ORD-6122,ORD-6121,FUND_ADAPT,MM,BID
42.657167577590556,99.97,1,ORD-6131,ORD-6129,FLOW,MM,ASK
42.7628875002957,99.97,3,ORD-6142,ORD-6140,FLOW,MM,ASK
42.7628875002957,99.96,1,ORD-6142,ORD-6088,FLOW,FLOW,ASK
42.93541609801036,99.98,1,ORD-6162,ORD-6156,FLOW,FLOW,BID
42.949314493809375,99.96,1,ORD-6165,ORD-6088,FLOW,FLOW,ASK
43.094319061070735,99.96,3,ORD-6178,ORD-6102,FLOW,FLOW,ASK
43.094827060837694,99.98,4,ORD-6181,ORD-6156,FLOW,FLOW,BID
43.306173935120064,99.96,3,ORD-6199,ORD-6102,FLOW,FLOW,ASK
43.3086460127964,99.98,2,ORD-6202,ORD-6201,FLOW,MM,BID
43.38835413951056,99.96,3,ORD-6207,ORD-6188,FLOW,FLOW,ASK
43.53004269433652,99.98,3,ORD-6230,ORD-6229,FUND_ADAPT,MM,BID
43.62588742071768,99.99,2,ORD-6245,ORD-4417,FLOW,FLOW,BID
43.81318016397408,99.98,3,ORD-6287,ORD-6259,FLOW,FLOW,ASK
43.87292959475247,99.99,1,ORD-6296,ORD-4417,FLOW,FLOW,BID
43.875294747969306,99.98,1,ORD-6302,ORD-6259,FLOW,FLOW,ASK
43.875294747969306,99.98,2,ORD-6302,ORD-6279,FLOW,FLOW,ASK
43.905709390309404,99.99,2,ORD-6305,ORD-4417,FLOW,FLOW,BID
43.93581834933203,99.99,1,ORD-6308,ORD-4417,FLOW,FLOW,BID
43.93581834933203,99.99,2,ORD-6308,ORD-4442,FLOW,FLOW,BID
43.98566011694128,99.98,1,ORD-6311,ORD-6279,FLOW,FLOW,ASK
43.98566011694128,99.98,3,ORD-6311,ORD-6309,FLOW,MM,ASK
43.99508358756507,99.99,1,ORD-6314,ORD-4442,FLOW,FLOW,BID
43.99508358756507,99.99,2,ORD-6317,ORD-4543,FUND_ADAPT,FLOW,BID
43.99508358756507,99.99,2,ORD-6317,ORD-4720,FUND_ADAPT,FLOW,BID
43.996542998660914,99.97,1,ORD-6318,ORD-6239,FLOW,FLOW,ASK
44.00289382661144,99.97,2,ORD-6321,ORD-6239,FLOW,FLOW,ASK
44.00289382661144,99.97,1,ORD-6321,ORD-6319,FLOW,MM,ASK
44.00289382661144,99.98,3,ORD-6324,ORD-6323,FUND_ADAPT,MM,BID
44.03629281308533,99.96,1,ORD-6325,ORD-6188,FLOW,FLOW,ASK
44.03629281308533,99.96,3,ORD-6325,ORD-6221,FLOW,FLOW,ASK
44.03629281308533,99.99,1,ORD-6328,ORD-4720,FUND_ADAPT,FLOW,BID
44.03629281308533,99.99,3,ORD-6328,ORD-4729,FUND_ADAPT,FLOW,BID
44.05671070775343,99.97,3,ORD-6332,ORD-6330,FLOW,MM,ASK
44.05671070775343,99.97,3,ORD-6335,ORD-6332,FUND_ADAPT,FLOW,BID
44.05671070775343,99.97,3,ORD-6335,ORD-6334,FUND_ADAPT,MM,BID
44.08058215201612,99.99,2,ORD-6339,ORD-4729,FLOW,FLOW,BID
44.094374399155875,99.97,1,ORD-6342,ORD-6340,FLOW,MM,ASK
44.13952815212464,99.99,4,ORD-6348,ORD-4732,FLOW,FLOW,BID
44.25549433475054,99.97,3,ORD-6361,ORD-6359,FLOW,MM,ASK
44.25549433475054,99.96,1,ORD-6361,ORD-6251,FLOW,FLOW,ASK
44.25549433475054,99.98,3,ORD-6364,ORD-6363,FUND_ADAPT,MM,BID
44.29926734632955,99.96,3,ORD-6365,ORD-6251,FLOW,FLOW,ASK
44.29926734632955,99.99,1,ORD-6368,ORD-4732,FUND_ADAPT,FLOW,BID
44.29926734632955,99.99,3,ORD-6368,ORD-5976,FUND_ADAPT,FLOW,BID
44.34042872182146,99.97,1,ORD-6369,ORD-6366,FLOW,MM,ASK
44.34042872182146,99.98,3,ORD-6372,ORD-6371,FUND_ADAPT,MM,BID
44.45617909511557,99.99,3,ORD-6383,ORD-5976,FUND_ADAPT,FLOW,BID
44.45617909511557,99.99,1,ORD-6383,ORD-6047,FUND_ADAPT,FLOW,BID
44.45785952326718,99.97,3,ORD-6384,ORD-6381,FLOW,MM,ASK
44.469019021332905,99.98,3,ORD-6387,ORD-6386,FLOW,MM,BID
44.469019021332905,99.99,1,ORD-6387,ORD-6047,FLOW,FLOW,BID
44.47936611788913,99.99,1,ORD-6390,ORD-6047,FLOW,FLOW,BID
44.47936611788913,99.99,1,ORD-6390,ORD-6050,FLOW,FLOW,BID
44.47936611788913,99.99,2,ORD-6390,ORD-6099,FLOW,FLOW,BID
44.47936611788913,99.99,3,ORD-6393,ORD-6099,FUND_ADAPT,FLOW,BID
44.47936611788913,99.99,1,ORD-6393,ORD-6108,FUND_ADAPT,FLOW,BID
44.499779202736114,99.97,1,ORD-6394,ORD-6391,FLOW,MM,ASK
44.499779202736114,99.99,4,ORD-6397,ORD-6108,FUND_ADAPT,FLOW,BID
44.55347453324314,99.99,1,ORD-6400,ORD-6108,FLOW,FLOW,BID
44.55347453324314,99.99,2,ORD-6400,ORD-6159,FLOW,FLOW,BID
44.57371642539771,99.99,4,ORD-6406,ORD-6159,FUND_ADAPT,FLOW,BID
44.61229882970262,99.97,1,ORD-6413,ORD-6411,FLOW,MM,ASK
44.61229882970262,99.99,1,ORD-6416,ORD-6210,FUND_ADAPT,FLOW,BID
44.61229882970262,99.99,2,ORD-6416,ORD-6236,FUND_ADAPT,FLOW,BID
44.61229882970262,99.99,1,ORD-6416,ORD-6329,FUND_ADAPT,FLOW,BID
44.75520929906552,99.97,1,ORD-6425,ORD-6420,FLOW,FLOW,ASK
44.75520929906552,99.99,2,ORD-6428,ORD-6329,FUND_ADAPT,FLOW,BID
44.75520929906552,99.99,2,ORD-6428,ORD-6355,FUND_ADAPT,FLOW,BID
44.86215444497069,100.0,4,ORD-6435,ORD-3525,FLOW,FLOW,BID
44.92782254302976,100.0,3,ORD-6441,ORD-3791,FLOW,FLOW,BID
44.92782254302976,100.0,1,ORD-6441,ORD-3949,FLOW,FLOW,BID
44.95277064616642,99.98,2,ORD-6446,ORD-6444,FLOW,MM,ASK
44.95277064616642,99.99,3,ORD-6449,ORD-6448,FUND_ADAPT,MM,BID
45.08134576906859,100.0,3,ORD-6466,ORD-3949,FLOW,FLOW,BID
45.136581218040156,100.0,1,ORD-6475,ORD-3949,FLOW,FLOW,BID
45.158553622310436,100.0,1,ORD-6483,ORD-3949,FLOW,FLOW,BID
45.158553622310436,100.0,2,ORD-6483,ORD-4171,FLOW,FLOW,BID
45.158553622310436,100.0,1,ORD-6483,ORD-4220,FLOW,FLOW,BID
45.182894246871946,99.98,3,ORD-6489,ORD-6487,FLOW,MM,ASK
45.18739664683362,99.97,2,ORD-6492,ORD-6420,FLOW,FLOW,ASK
45.223917628782,99.97,3,ORD-6495,ORD-6493,FLOW,MM,ASK
45.223917628782,99.97,1,ORD-6498,ORD-6495,FUND_ADAPT,FLOW,BID
45.223917628782,99.97,3,ORD-6498,ORD-6497,FUND_ADAPT,MM,BID
45.27941089750598,99.96,1,ORD-6499,ORD-6251,FLOW,FLOW,ASK
45.27941089750598,99.96,2,ORD-6499,ORD-6262,FLOW,FLOW,ASK
45.29133876102164,99.97,3,ORD-6502,ORD-6500,FLOW,MM,ASK
45.29475352848153,99.97,2,ORD-6508,ORD-6502,FUND_ADAPT,FLOW,BID
45.29475352848153,99.97,3,ORD-6508,ORD-6507,FUND_ADAPT,MM,BID
45.31533293894227,99.99,2,ORD-6512,ORD-6511,FLOW,MM,BID
45.31533293894227,99.99,3,ORD-6515,ORD-6514,FUND_ADAPT,MM,BID
45.34717334413437,99.98,1,ORD-6518,ORD-6516,FLOW,MM,ASK
45.38530818473605,100.0,3,ORD-6523,ORD-4438,FLOW,FLOW,BID
45.42342146080685,99.98,1,ORD-6529,ORD-6527,FLOW,MM,ASK
45.42983091021294,99.98,3,ORD-6532,ORD-6530,FLOW,MM,ASK
45.454834971855675,99.99,3,ORD-6543,ORD-6542,FUND_ADAPT,MM,BID
45.45726816391823,99.97,4,ORD-6544,ORD-6526,FLOW,FLOW,ASK
45.50720412741061,100.0,1,ORD-6549,ORD-4535,FLOW,FLOW,BID
45.50720412741061,100.0,2,ORD-6549,ORD-4587,FLOW,FLOW,BID
45.530046858243374,100.0,4,ORD-6552,ORD-4587,FLOW,FLOW,BID
45.530046858243374,100.0,1,ORD-6552,ORD-4690,FLOW,FLOW,BID
45.56958112757916,100.0,4,ORD-6561,ORD-4693,FLOW,FLOW,BID
45.58273378230156,100.0,2,ORD-6567,ORD-4693,FLOW,FLOW,BID
45.64034534448806,100.0,1,ORD-6570,ORD-5693,FLOW,FLOW,BID
45.64691758963798,99.98,1,ORD-6573,ORD-6558,FLOW,FLOW,ASK
45.708647225217334,99.98,1,ORD-6585,ORD-6558,FLOW,FLOW,ASK
45.708647225217334,99.98,3,ORD-6585,ORD-6582,FLOW,FLOW,ASK
45.83549321409757,99.98,3,ORD-6596,ORD-6582,FLOW,FLOW,ASK
45.83549321409757,99.98,1,ORD-6596,ORD-6588,FLOW,FLOW,ASK
45.91380120038258,100.0,2,ORD-6610,ORD-5693,FLOW,FLOW,BID
46.01155051310825,99.98,1,ORD-6624,ORD-6588,FLOW,FLOW,ASK
46.093430243207145,99.98,3,ORD-6627,ORD-6588,FLOW,FLOW,ASK
46.093430243207145,100.0,1,ORD-6630,ORD-5693,FUND_ADAPT,FLOW,BID
46.093430243207145,100.0,3,ORD-6630,ORD-5697,FUND_ADAPT,FLOW,BID
46.119698145080314,100.0,3,ORD-6636,ORD-5697,FUND_ADAPT,FLOW,BID
46.119698145080314,100.0,1,ORD-6636,ORD-5752,FUND_ADAPT,FLOW,BID
46.17882526385562,100.0,4,ORD-6640,ORD-5752,FUND_ADAPT,FLOW,BID
46.18072352812526,100.0,3,ORD-6644,ORD-5954,FUND_ADAPT,FLOW,BID
46.18072352812526,100.0,1,ORD-6644,ORD-5988,FUND_ADAPT,FLOW,BID
46.18333081776833,100.0,1,ORD-6648,ORD-5988,FUND_ADAPT,FLOW,BID
46.18333081776833,100.0,1,ORD-6648,ORD-6085,FUND_ADAPT,FLOW,BID
46.18333081776833,100.0,1,ORD-6648,ORD-6145,FUND_ADAPT,FLOW,BID
46.18333081776833,100.0,1,ORD-6648,ORD-6170,FUND_ADAPT,FLOW,BID
46.19009954765948,100.0,1,ORD-6649,ORD-6170,FLOW,FLOW,BID
46.19009954765948,100.0,1,ORD-6649,ORD-6231,FLOW,FLOW,BID
46.19009954765948,100.0,1,ORD-6652,ORD-6231,FUND_ADAPT,FLOW,BID
46.19009954765948,100.0,3,ORD-6652,ORD-6242,FUND_ADAPT,FLOW,BID
46.221478764773984,100.0,3,ORD-6653,ORD-6248,FLOW,FLOW,BID
46.2253990859947,100.0,1,ORD-6659,ORD-6265,FUND_ADAPT,FLOW,BID
46.2253990859947,100.0,1,ORD-6659,ORD-6290,FUND_ADAPT,FLOW,BID
46.2253990859947,100.0,2,ORD-6659,ORD-6293,FUND_ADAPT,FLOW,BID
46.27366301331684,99.98,1,ORD-6663,ORD-6588,FLOW,FLOW,ASK
46.27366301331684,99.98,2,ORD-6663,ORD-6631,FLOW,FLOW,ASK
46.27366301331684,99.98,1,ORD-6663,ORD-6661,FLOW,MM,ASK
46.27366301331684,100.0,4,ORD-6666,ORD-6293,FUND_ADAPT,FLOW,BID
46.32176627973713,99.98,2,ORD-6667,ORD-6664,FLOW,MM,ASK
46.32176627973713,99.99,3,ORD-6670,ORD-6669,FUND_ADAPT,MM,BID
46.36966746487735,100.0,1,ORD-6674,ORD-6345,FUND_ADAPT,FLOW,BID
46.36966746487735,100.0,3,ORD-6674,ORD-6358,FUND_ADAPT,FLOW,BID
46.473056424077,100.0,1,ORD-6691,ORD-6358,FUND_ADAPT,FLOW,BID
46.473056424077,100.0,6,ORD-6691,ORD-6403,FUND_ADAPT,FLOW,BID
46.473056424077,100.0,4,ORD-6691,ORD-6486,FUND_ADAPT,FLOW,BID
46.473056424077,100.0,1,ORD-6691,ORD-6505,FUND_ADAPT,FLOW,BID
46.5432171281127,100.0,5,ORD-6698,ORD-6505,FUND_ADAPT,FLOW,BID
46.5432171281127,100.0,3,ORD-6698,ORD-6509,FUND_ADAPT,FLOW,BID
46.5432171281127,100.0,4,ORD-6698,ORD-6576,FUND_ADAPT,FLOW,BID
46.55164350971184,99.98,1,ORD-6699,ORD-6696,FLOW,MM,ASK
46.55164350971184,100.0,1,ORD-6702,ORD-6576,FUND_ADAPT,FLOW,BID
46.55164350971184,100.0,3,ORD-6702,ORD-6579,FUND_ADAPT,FLOW,BID
46.55164350971184,100.0,2,ORD-6702,ORD-6677,FUND_ADAPT,FLOW,BID
46.55164350971184,100.0,6,ORD-6702,ORD-6692,FUND_ADAPT,FLOW,BID
46.56065315118955,100.0,1,ORD-6703,ORD-6701,FLOW,MM,BID
46.56065315118955,100.0,3,ORD-6706,ORD-6705,FUND_ADAPT,MM,BID
46.57127542694541,100.01,3,ORD-6707,ORD-2623,FLOW,FLOW,BID
46.57280632478621,99.99,2,ORD-6710,ORD-6708,FLOW,MM,ASK
46.5936101668173,100.01,1,ORD-6715,ORD-2623,FLOW,FLOW,BID
46.62439599917286,100.01,1,ORD-6720,ORD-2623,FUND_ADAPT,FLOW,BID
46.62439599917286,100.01,5,ORD-6720,ORD-3134,FUND_ADAPT,FLOW,BID
46.62439599917286,100.01,1,ORD-6720,ORD-3557,FUND_ADAPT,FLOW,BID
46.62439599917286,100.01,4,ORD-6720,ORD-3888,FUND_ADAPT,FLOW,BID
46.62439599917286,100.01,2,ORD-6720,ORD-3920,FUND_ADAPT,FLOW,BID
46.62439599917286,100.01,1,ORD-6720,ORD-4092,FUND_ADAPT,FLOW,BID
46.62439599917286,100.01,2,ORD-6720,ORD-6026,FUND_ADAPT,FLOW,BID
46.6599444933933,100.01,1,ORD-6731,ORD-6026,FUND_ADAPT,FLOW,BID
46.6599444933933,100.01,6,ORD-6731,ORD-6070,FUND_ADAPT,FLOW,BID
46.6599444933933,100.01,1,ORD-6731,ORD-6105,FUND_ADAPT,FLOW,BID
46.6599444933933,100.01,5,ORD-6731,ORD-6128,FUND_ADAPT,FLOW,BID
46.6599444933933,100.01,3,ORD-6731,ORD-6137,FUND_ADAPT,FLOW,BID
46.68586619448255,100.01,2,ORD-6735,ORD-6148,FLOW,FLOW,BID
46.68586619448255,100.01,1,ORD-6735,ORD-6153,FLOW,FLOW,BID
46.68586619448255,100.01,1,ORD-6735,ORD-6196,FLOW,FLOW,BID
46.70699269035942,100.01,2,ORD-6741,ORD-6196,FUND_ADAPT,FLOW,BID
46.70699269035942,100.01,1,ORD-6741,ORD-6407,FUND_ADAPT,FLOW,BID
46.70699269035942,100.01,6,ORD-6741,ORD-6410,FUND_ADAPT,FLOW,BID
46.70699269035942,100.01,3,ORD-6741,ORD-6540,FUND_ADAPT,FLOW,BID
46.70699269035942,100.01,3,ORD-6741,ORD-6613,FUND_ADAPT,FLOW,BID
46.70699269035942,100.01,1,ORD-6741,ORD-6740,FUND_ADAPT,MM,BID
46.75506476500237,100.01,3,ORD-6745,ORD-6744,FLOW,MM,BID
46.75506476500237,100.02,1,ORD-6745,ORD-2794,FLOW,FLOW,BID
46.75506476500237,100.02,1,ORD-6748,ORD-2794,FUND_ADAPT,FLOW,BID
46.75506476500237,100.02,4,ORD-6748,ORD-2994,FUND_ADAPT,FLOW,BID
46.75506476500237,100.02,4,ORD-6748,ORD-3037,FUND_ADAPT,FLOW,BID
46.75506476500237,100.02,2,ORD-6748,ORD-3212,FUND_ADAPT,FLOW,BID
46.75506476500237,100.02,1,ORD-6748,ORD-3340,FUND_ADAPT,FLOW,BID
46.77322557941629,100.02,2,ORD-6751,ORD-3340,FUND_ADAPT,FLOW,BID
46.77322557941629,100.02,1,ORD-6751,ORD-3731,FUND_ADAPT,FLOW,BID
46.77322557941629,100.02,3,ORD-6751,ORD-3862,FUND_ADAPT,FLOW,BID
46.77322557941629,100.02,6,ORD-6751,ORD-3867,FUND_ADAPT,FLOW,BID
46.77790384471605,100.02,2,ORD-6755,ORD-3870,FUND_ADAPT,FLOW,BID
46.77790384471605,100.02,3,ORD-6755,ORD-3923,FUND_ADAPT,FLOW,BID
46.77790384471605,100.02,6,ORD-6755,ORD-6123,FUND_ADAPT,FLOW,BID
46.77790384471605,100.02,1,ORD-6755,ORD-6268,FUND_ADAPT,FLOW,BID
46.791152154283964,100.02,3,ORD-6759,ORD-6268,FUND_ADAPT,FLOW,BID
46.791152154283964,100.02,2,ORD-6759,ORD-6274,FUND_ADAPT,FLOW,BID
46.791152154283964,100.02,4,ORD-6759,ORD-6380,FUND_ADAPT,FLOW,BID
46.791152154283964,100.02,2,ORD-6759,ORD-6438,FUND_ADAPT,FLOW,BID
46.791152154283964,100.02,1,ORD-6759,ORD-6463,FUND_ADAPT,FLOW,BID
46.8085321666921,100.02,4,ORD-6762,ORD-6463,FLOW,FLOW,BID
46.8085321666921,100.02,1,ORD-6765,ORD-6463,FUND_ADAPT,FLOW,BID
46.8085321666921,100.02,3,ORD-6765,ORD-6555,FUND_ADAPT,FLOW,BID
46.8085321666921,100.02,1,ORD-6765,ORD-6645,FUND_ADAPT,FLOW,BID
46.8085321666921,100.02,5,ORD-6765,ORD-6671,FUND_ADAPT,FLOW,BID
46.8085321666921,100.02,2,ORD-6765,ORD-6695,FUND_ADAPT,FLOW,BID
46.83083350355245,100.0,1,ORD-6766,ORD-6763,FLOW,MM,ASK
46.87500747639994,100.02,4,ORD-6778,ORD-6695,FUND_ADAPT,FLOW,BID
46.87500747639994,100.02,4,ORD-6778,ORD-6732,FUND_ADAPT,FLOW,BID
46.88128178137261,100.02,2,ORD-6779,ORD-6738,FLOW,FLOW,BID
46.90940471087971,100.02,2,ORD-6782,ORD-6738,FLOW,FLOW,BID
46.90940471087971,100.02,4,ORD-6782,ORD-6772,FLOW,FLOW,BID
46.90940471087971,100.02,3,ORD-6785,ORD-6775,FUND_ADAPT,FLOW,BID
46.91841998090432,100.03,3,ORD-6789,ORD-2086,FUND_ADAPT,FLOW,BID
46.91841998090432,100.03,1,ORD-6789,ORD-2649,FUND_ADAPT,FLOW,BID
46.92036693462674,100.03,1,ORD-6793,ORD-2649,FUND_ADAPT,FLOW,BID
46.92036693462674,100.03,3,ORD-6793,ORD-2848,FUND_ADAPT,FLOW,BID
46.93517195750635,100.01,1,ORD-6794,ORD-6791,FLOW,MM,ASK
47.05613697811452,100.01,3,ORD-6807,ORD-6805,FLOW,MM,ASK
47.05613697811452,99.99,1,ORD-6807,ORD-6769,FLOW,FLOW,ASK
47.407551020592535,100.01,2,ORD-6844,ORD-6833,FLOW,FLOW,ASK
47.407551020592535,100.01,2,ORD-6844,ORD-6842,FLOW,MM,ASK
47.407551020592535,100.02,3,ORD-6847,ORD-6846,FUND_ADAPT,MM,BID
47.62313680125787,100.03,2,ORD-6864,ORD-3584,FLOW,FLOW,BID
47.85946791917778,100.03,4,ORD-6900,ORD-3584,FLOW,FLOW,BID
47.8624479452047,100.03,1,ORD-6903,ORD-6457,FLOW,FLOW,BID
47.98106859369735,100.03,1,ORD-6916,ORD-6457,FLOW,FLOW,BID
47.98106859369735,100.03,4,ORD-6916,ORD-6564,FLOW,FLOW,BID
48.21198172802932,100.02,3,ORD-6937,ORD-6895,FLOW,FLOW,ASK
48.21695479914667,100.03,1,ORD-6940,ORD-6564,FLOW,FLOW,BID
48.21695479914667,100.03,1,ORD-6940,ORD-6591,FLOW,FLOW,BID
