timestamp,price,qty,taker_order_id,maker_order_id,taker_owner,maker_owner,taker_side
0.07459248863293023,100.01,3,ORD-17,ORD-2,FLOW,FLOW,BID
0.10362356349978918,100.01,2,ORD-20,ORD-2,FLOW,FLOW,BID
0.20558743168218618,100.0,2,ORD-28,ORD-27,INFORMED,MM,BID
0.21740452260544424,100.01,2,ORD-31,ORD-2,FLOW,FLOW,BID
0.29010898711878397,100.01,1,ORD-43,ORD-2,FLOW,FLOW,BID
0.29010898711878397,100.01,4,ORD-46,ORD-2,FUND_ADAPT,FLOW,BID
0.3007103795528118,100.01,1,ORD-47,ORD-2,FLOW,FLOW,BID
0.3007103795528118,100.01,4,ORD-50,ORD-2,FUND_ADAPT,FLOW,BID
0.373327819013232,99.99,3,ORD-53,ORD-51,FLOW,MM,ASK
0.373327819013232,100.01,3,ORD-56,ORD-55,FUND_ADAPT,MM,BID
0.3853984340215888,100.02,5,ORD-57,ORD-4,INFORMED,FLOW,BID
0.38759452907876785,100.01,2,ORD-60,ORD-59,INFORMED,MM,BID
0.43759452907876784,100.02,8,ORD-70,ORD-4,FUND_ADAPT,FLOW,BID
0.5012304048784293,100.02,3,ORD-74,ORD-4,FLOW,FLOW,BID
0.5012304048784293,100.02,4,ORD-77,ORD-4,FUND_ADAPT,FLOW,BID
0.5012304048784293,100.02,4,ORD-77,ORD-25,FUND_ADAPT,FLOW,BID
0.5264374627273202,100.02,1,ORD-81,ORD-25,FUND_ADAPT,FLOW,BID
0.5264374627273202,100.02,1,ORD-81,ORD-71,FUND_ADAPT,FLOW,BID
0.5264374627273202,100.02,3,ORD-81,ORD-80,FUND_ADAPT,MM,BID
0.5826122266795799,100.03,3,ORD-82,ORD-6,FLOW,FLOW,BID
0.5902602416335474,100.03,4,ORD-85,ORD-6,INFORMED,FLOW,BID
0.6410574368602078,100.03,4,ORD-98,ORD-6,FUND_ADAPT,FLOW,BID
0.7304039625162441,100.03,4,ORD-108,ORD-6,FUND_ADAPT,FLOW,BID
0.8110600243897981,100.02,4,ORD-115,ORD-112,FLOW,FLOW,ASK
0.818748256885472,100.03,5,ORD-118,ORD-6,FLOW,FLOW,BID
0.8615278460524609,100.03,1,ORD-124,ORD-122,FLOW,MM,ASK
0.9575443242316107,100.04,2,ORD-127,ORD-63,FLOW,FLOW,BID
0.9575443242316107,100.05,1,ORD-127,ORD-99,FLOW,FLOW,BID
0.9575443242316107,100.04,3,ORD-130,ORD-128,FUND_ADAPT,MM,ASK
0.9845371173193822,100.06,3,ORD-131,ORD-129,INFORMED,MM,BID
0.9845371173193822,100.07,2,ORD-131,ORD-109,INFORMED,FLOW,BID
0.9845371173193822,100.08,2,ORD-131,ORD-121,INFORMED,FLOW,BID
0.9942272743050933,100.07,3,ORD-140,ORD-138,FUND_ADAPT,MM,ASK
1.005179416396488,100.07,3,ORD-144,ORD-142,FUND_ADAPT,MM,ASK
1.0097249929574386,100.06,4,ORD-145,ORD-137,FLOW,FLOW,ASK
1.0272291791942654,100.06,2,ORD-148,ORD-141,FLOW,FLOW,ASK
1.0272291791942654,100.06,2,ORD-151,ORD-141,FUND_ADAPT,FLOW,ASK
1.0272291791942654,100.06,3,ORD-151,ORD-149,FUND_ADAPT,MM,ASK
1.0296019675558636,100.07,1,ORD-155,ORD-154,FLOW,MM,BID
1.0516230241413238,100.05,4,ORD-163,ORD-134,FUND_ADAPT,FLOW,ASK
1.1210994579744928,100.05,2,ORD-167,ORD-134,FUND_ADAPT,FLOW,ASK
1.1210994579744928,100.05,2,ORD-167,ORD-152,FUND_ADAPT,FLOW,ASK
1.3374119238482574,100.07,1,ORD-188,ORD-187,FLOW,MM,BID
1.3401855307025912,100.05,4,ORD-193,ORD-152,FUND_ADAPT,FLOW,ASK
1.434979691251786,100.06,2,ORD-202,ORD-201,INFORMED,MM,BID
1.444281880978489,100.05,3,ORD-208,ORD-206,FUND_ADAPT,MM,ASK
1.4509413470473684,100.05,3,ORD-211,ORD-209,FUND_ADAPT,MM,ASK
1.453439812290591,100.04,1,ORD-215,ORD-205,FUND_ADAPT,FLOW,ASK
1.453439812290591,100.04,3,ORD-215,ORD-213,FUND_ADAPT,MM,ASK
1.4979829075612197,100.04,3,ORD-230,ORD-229,FUND_ADAPT,MM,BID
1.6732981465582446,100.04,3,ORD-238,ORD-237,INFORMED,MM,BID
1.6732981465582446,100.07,1,ORD-238,ORD-220,INFORMED,FLOW,BID
1.6837244513974947,100.05,1,ORD-241,ORD-240,FLOW,MM,BID
1.7232981465582446,100.04,3,ORD-252,ORD-251,FUND_ADAPT,MM,BID
1.7358095519209336,100.05,6,ORD-259,ORD-247,INFORMED,FLOW,BID
1.7358095519209336,100.05,1,ORD-259,ORD-258,INFORMED,MM,BID
1.7358095519209336,100.04,3,ORD-262,ORD-260,FUND_ADAPT,MM,ASK
1.770918507334286,100.04,3,ORD-269,ORD-268,INFORMED,MM,BID
1.770918507334286,100.05,1,ORD-269,ORD-266,INFORMED,FLOW,BID
1.7858095519209336,100.05,4,ORD-279,ORD-266,FUND_ADAPT,FLOW,BID
1.958949119826048,100.06,3,ORD-299,ORD-263,FLOW,FLOW,BID
2.0022340376522507,100.05,3,ORD-306,ORD-304,FUND_ADAPT,MM,ASK
2.1552190404306235,100.04,3,ORD-311,ORD-296,FLOW,FLOW,ASK
2.1552190404306235,100.04,1,ORD-311,ORD-309,FLOW,MM,ASK
2.1855684845286247,100.05,1,ORD-314,ORD-313,FLOW,MM,BID
2.19523351641431,100.05,3,ORD-317,ORD-316,FLOW,MM,BID
2.19523351641431,100.06,1,ORD-317,ORD-263,FLOW,FLOW,BID
2.2355451096725183,100.06,2,ORD-320,ORD-263,FLOW,FLOW,BID
2.3430242665392487,100.06,2,ORD-331,ORD-328,FLOW,FLOW,BID
2.416952939378233,100.04,3,ORD-336,ORD-334,FUND_ADAPT,MM,ASK
2.4177209051778954,100.04,3,ORD-340,ORD-339,FUND_ADAPT,MM,BID
2.449460813304498,100.03,1,ORD-344,ORD-342,FLOW,MM,ASK
2.4573039394018727,100.03,3,ORD-347,ORD-345,FLOW,MM,ASK
2.4573039394018727,100.02,1,ORD-347,ORD-173,FLOW,FLOW,ASK
2.4573039394018727,100.04,3,ORD-350,ORD-349,FUND_ADAPT,MM,BID
2.459588443320883,100.04,2,ORD-354,ORD-351,FUND_ADAPT,FLOW,BID
2.459588443320883,100.04,2,ORD-354,ORD-353,FUND_ADAPT,MM,BID
2.56316148984687,100.03,3,ORD-360,ORD-358,FLOW,MM,ASK
2.56316148984687,100.02,1,ORD-360,ORD-173,FLOW,FLOW,ASK
2.619857043903364,100.05,1,ORD-369,ORD-337,FLOW,FLOW,BID
2.688889021872999,100.05,4,ORD-375,ORD-337,INFORMED,FLOW,BID
2.688889021872999,100.05,3,ORD-375,ORD-372,INFORMED,FLOW,BID
2.709718270780564,100.05,1,ORD-381,ORD-372,FLOW,FLOW,BID
2.738889021872999,100.05,1,ORD-389,ORD-372,FUND_ADAPT,FLOW,BID
2.738889021872999,100.05,3,ORD-389,ORD-388,FUND_ADAPT,MM,BID
2.7565713507118224,100.06,3,ORD-393,ORD-328,INFORMED,FLOW,BID
2.7565713507118224,100.06,4,ORD-393,ORD-341,INFORMED,FLOW,BID
2.8918278648021385,100.05,2,ORD-421,ORD-419,FLOW,MM,ASK
2.9249894314263987,100.04,4,ORD-431,ORD-415,FLOW,FLOW,ASK
2.9327112903448467,100.04,1,ORD-434,ORD-415,FLOW,FLOW,ASK
2.951749202611284,100.05,3,ORD-440,ORD-439,FUND_ADAPT,MM,BID
3.0846064487522815,100.06,2,ORD-456,ORD-363,INFORMED,FLOW,BID
3.1797003595283755,100.05,1,ORD-469,ORD-467,FLOW,MM,ASK
3.2635902284429275,100.06,1,ORD-484,ORD-363,INFORMED,FLOW,BID
3.2635902284429275,100.06,3,ORD-484,ORD-366,INFORMED,FLOW,BID
3.326247407909696,100.06,3,ORD-494,ORD-366,INFORMED,FLOW,BID
3.326247407909696,100.06,2,ORD-494,ORD-398,INFORMED,FLOW,BID
3.326247407909696,100.06,3,ORD-497,ORD-398,FUND_ADAPT,FLOW,BID
3.382209607702359,100.07,3,ORD-513,ORD-378,FUND_ADAPT,FLOW,BID
3.382209607702359,100.07,1,ORD-513,ORD-405,FUND_ADAPT,FLOW,BID
3.43720721120569,100.08,2,ORD-517,ORD-121,FLOW,FLOW,BID
3.43720721120569,100.08,1,ORD-517,ORD-256,FLOW,FLOW,BID
3.4969983443024732,100.06,1,ORD-522,ORD-520,FLOW,MM,ASK
3.502917158736014,100.08,4,ORD-525,ORD-256,INFORMED,FLOW,BID
3.552917158736014,100.08,3,ORD-530,ORD-390,FUND_ADAPT,FLOW,BID
3.552917158736014,100.08,6,ORD-530,ORD-481,FUND_ADAPT,FLOW,BID
3.552917158736014,100.08,3,ORD-530,ORD-503,FUND_ADAPT,FLOW,BID
3.6075933302659675,100.08,2,ORD-534,ORD-503,FUND_ADAPT,FLOW,BID
3.6075933302659675,100.08,3,ORD-534,ORD-533,FUND_ADAPT,MM,BID
3.650713548105316,100.09,2,ORD-538,ORD-160,INFORMED,FLOW,BID
3.650713548105316,100.09,2,ORD-538,ORD-323,INFORMED,FLOW,BID
3.650713548105316,100.09,1,ORD-541,ORD-323,FUND_ADAPT,FLOW,BID
3.650713548105316,100.09,3,ORD-541,ORD-540,FUND_ADAPT,MM,BID
3.696241632591572,100.08,1,ORD-546,ORD-544,FLOW,MM,ASK
3.696404100220794,100.08,3,ORD-549,ORD-547,FLOW,MM,ASK
3.696404100220794,100.05,1,ORD-549,ORD-498,FLOW,FLOW,ASK
3.7431504818051113,100.07,1,ORD-554,ORD-552,FLOW,MM,ASK
3.7431504818051113,100.09,3,ORD-557,ORD-556,FUND_ADAPT,MM,BID
3.7587440866294997,100.1,4,ORD-558,ORD-514,INFORMED,FLOW,BID
3.8367757397623863,100.1,1,ORD-566,ORD-514,INFORMED,FLOW,BID
3.8367757397623863,100.1,3,ORD-566,ORD-565,INFORMED,MM,BID
3.8367757397623863,100.11,3,ORD-566,ORD-561,INFORMED,FLOW,BID
3.886775739762386,100.11,2,ORD-571,ORD-561,FUND_ADAPT,FLOW,BID
3.886775739762386,100.11,3,ORD-571,ORD-570,FUND_ADAPT,MM,BID
3.8924776505737353,100.09,2,ORD-572,ORD-569,FLOW,MM,ASK
3.8924776505737353,100.13,3,ORD-575,ORD-574,FUND_ADAPT,MM,BID
3.936470927381845,100.14,3,ORD-579,ORD-578,FUND_ADAPT,MM,BID
3.9671313707650833,100.12,3,ORD-580,ORD-577,FLOW,MM,ASK
3.9671313707650833,100.14,3,ORD-583,ORD-582,FUND_ADAPT,MM,BID
3.9998206917447026,100.12,1,ORD-584,ORD-581,FLOW,MM,ASK
3.9998206917447026,100.14,3,ORD-587,ORD-586,FUND_ADAPT,MM,BID
4.019945563305966,100.15,3,ORD-591,ORD-590,INFORMED,MM,BID
4.055790960341558,100.23,3,ORD-597,ORD-596,INFORMED,MM,BID
4.055790960341558,100.26,3,ORD-600,ORD-598,FUND_ADAPT,MM,ASK
4.056457758333503,100.26,3,ORD-603,ORD-601,FUND_ADAPT,MM,ASK
4.069945563305966,100.29,3,ORD-608,ORD-606,FUND_ADAPT,MM,ASK
4.07294743460589,100.26,3,ORD-612,ORD-610,FUND_ADAPT,MM,ASK
4.079026812119568,100.28,3,ORD-615,ORD-613,FUND_ADAPT,MM,ASK
4.105790960341558,100.28,3,ORD-618,ORD-616,FUND_ADAPT,MM,ASK
4.1238973374447525,100.28,3,ORD-622,ORD-620,FUND_ADAPT,MM,ASK
4.140036209796673,100.27,3,ORD-626,ORD-624,FUND_ADAPT,MM,ASK
4.177199811036047,100.27,3,ORD-630,ORD-628,FUND_ADAPT,MM,ASK
4.206561186366775,100.26,3,ORD-633,ORD-631,FUND_ADAPT,MM,ASK
4.273931070567862,100.26,3,ORD-639,ORD-637,FUND_ADAPT,MM,ASK
4.297942334301245,100.25,2,ORD-643,ORD-609,FUND_ADAPT,FLOW,ASK
4.297942334301245,100.25,6,ORD-643,ORD-627,FUND_ADAPT,FLOW,ASK
4.343927984951021,100.23,1,ORD-649,ORD-636,FUND_ADAPT,FLOW,ASK
4.343927984951021,100.23,3,ORD-649,ORD-647,FUND_ADAPT,MM,ASK
4.393190621484369,100.17,1,ORD-650,ORD-594,FLOW,FLOW,ASK
4.410420480369451,100.19,3,ORD-653,ORD-651,FLOW,MM,ASK
4.410420480369451,100.17,1,ORD-653,ORD-594,FLOW,FLOW,ASK
4.519148257992063,100.19,3,ORD-660,ORD-658,FUND_ADAPT,MM,ASK
4.537323472586286,100.21,3,ORD-661,ORD-659,INFORMED,MM,BID
4.537323472586286,100.28,1,ORD-661,ORD-640,INFORMED,FLOW,BID
4.63855699931944,100.2,3,ORD-672,ORD-670,FUND_ADAPT,MM,ASK
4.6506524881256786,100.19,4,ORD-676,ORD-666,FUND_ADAPT,FLOW,ASK
4.6506524881256786,100.19,3,ORD-676,ORD-669,FUND_ADAPT,FLOW,ASK
4.719271303108177,100.18,3,ORD-683,ORD-682,INFORMED,MM,BID
4.719271303108177,100.21,1,ORD-683,ORD-680,INFORMED,FLOW,BID
4.74830108549022,100.18,3,ORD-694,ORD-693,FLOW,MM,BID
4.74862109075171,100.18,3,ORD-697,ORD-696,INFORMED,MM,BID
4.74862109075171,100.19,1,ORD-697,ORD-691,INFORMED,FLOW,BID
4.752755704478161,100.18,3,ORD-700,ORD-699,INFORMED,MM,BID
4.752755704478161,100.19,2,ORD-700,ORD-691,INFORMED,FLOW,BID
4.755308446914704,100.18,1,ORD-703,ORD-702,FLOW,MM,BID
4.76139351130244,100.18,3,ORD-706,ORD-705,FLOW,MM,BID
4.76139351130244,100.17,3,ORD-709,ORD-594,FUND_ADAPT,FLOW,ASK
4.76139351130244,100.17,1,ORD-709,ORD-707,FUND_ADAPT,MM,ASK
4.769271303108177,100.18,3,ORD-712,ORD-711,FUND_ADAPT,MM,BID
4.79862109075171,100.19,2,ORD-719,ORD-691,FUND_ADAPT,FLOW,BID
4.79862109075171,100.19,3,ORD-719,ORD-718,FUND_ADAPT,MM,BID
4.803516119797205,100.2,2,ORD-725,ORD-722,FUND_ADAPT,FLOW,BID
4.803516119797205,100.2,3,ORD-725,ORD-724,FUND_ADAPT,MM,BID
4.805677606292906,100.21,4,ORD-728,ORD-680,FUND_ADAPT,FLOW,BID
4.805677606292906,100.21,3,ORD-728,ORD-727,FUND_ADAPT,MM,BID
4.896613441020576,100.23,3,ORD-738,ORD-737,FUND_ADAPT,MM,BID
4.966660519800138,100.24,1,ORD-756,ORD-673,FLOW,FLOW,BID
4.966660519800138,100.24,2,ORD-756,ORD-729,FLOW,FLOW,BID
5.039426998403938,100.24,2,ORD-764,ORD-729,FLOW,FLOW,BID
5.07413081414552,100.23,3,ORD-767,ORD-765,FLOW,MM,ASK
5.262942215152895,100.24,1,ORD-786,ORD-732,INFORMED,FLOW,BID
5.262942215152895,100.26,3,ORD-786,ORD-735,INFORMED,FLOW,BID
5.262942215152895,100.26,1,ORD-786,ORD-753,INFORMED,FLOW,BID
5.2959646963522555,100.24,3,ORD-793,ORD-791,FUND_ADAPT,MM,ASK
5.307955054274472,100.26,1,ORD-794,ORD-772,INFORMED,FLOW,BID
5.307955054274472,100.26,1,ORD-794,ORD-775,INFORMED,FLOW,BID
5.307955054274472,100.26,3,ORD-794,ORD-792,INFORMED,MM,BID
5.307955054274472,100.26,3,ORD-797,ORD-795,FUND_ADAPT,MM,ASK
5.399327761682901,100.25,1,ORD-807,ORD-805,FLOW,MM,ASK
5.451735967174104,100.26,3,ORD-813,ORD-811,FUND_ADAPT,MM,ASK
5.465259793614527,100.26,3,ORD-820,ORD-818,FUND_ADAPT,MM,ASK
5.494485310018395,100.28,4,ORD-821,ORD-640,FLOW,FLOW,BID
5.494485310018395,100.26,3,ORD-824,ORD-822,FUND_ADAPT,MM,ASK
5.545937036515949,100.25,5,ORD-830,ORD-817,FLOW,FLOW,ASK
5.545937036515949,100.25,1,ORD-830,ORD-828,FLOW,MM,ASK
5.554741156666431,100.24,4,ORD-836,ORD-825,FUND_ADAPT,FLOW,ASK
5.555237137795958,100.24,3,ORD-840,ORD-838,FUND_ADAPT,MM,ASK
5.564945493746636,100.26,2,ORD-841,ORD-839,INFORMED,MM,BID
5.633090746982875,100.24,3,ORD-854,ORD-853,FUND_ADAPT,MM,BID
5.769474969310641,100.25,3,ORD-864,ORD-863,INFORMED,MM,BID
5.769474969310641,100.26,3,ORD-864,ORD-844,INFORMED,FLOW,BID
5.769474969310641,100.26,1,ORD-864,ORD-861,INFORMED,FLOW,BID
5.821228376108251,100.26,1,ORD-871,ORD-861,INFORMED,FLOW,BID
5.821228376108251,100.26,3,ORD-871,ORD-870,INFORMED,MM,BID
5.821228376108251,100.27,1,ORD-871,ORD-858,INFORMED,FLOW,BID
5.898669142081093,100.27,2,ORD-887,ORD-858,INFORMED,FLOW,BID
5.937308925716585,100.27,2,ORD-893,ORD-858,INFORMED,FLOW,BID
5.937308925716585,100.28,1,ORD-893,ORD-640,INFORMED,FLOW,BID
5.937308925716585,100.28,1,ORD-893,ORD-759,INFORMED,FLOW,BID
5.963487130061514,100.28,3,ORD-898,ORD-778,FLOW,FLOW,BID
5.963487130061514,100.28,1,ORD-898,ORD-855,FLOW,FLOW,BID
6.067184558572804,100.28,1,ORD-905,ORD-855,FLOW,FLOW,BID
6.172214901443324,100.28,3,ORD-908,ORD-855,FLOW,FLOW,BID
6.172214901443324,100.28,1,ORD-908,ORD-881,FLOW,FLOW,BID
6.172214901443324,100.28,3,ORD-911,ORD-881,FUND_ADAPT,FLOW,BID
6.172214901443324,100.28,1,ORD-911,ORD-884,FUND_ADAPT,FLOW,BID
6.257727216965867,100.28,4,ORD-921,ORD-884,FUND_ADAPT,FLOW,BID
6.394893689327413,100.28,3,ORD-933,ORD-931,FLOW,MM,ASK
6.547735625392561,100.3,2,ORD-939,ORD-619,INFORMED,FLOW,BID
6.56205370131298,100.3,3,ORD-942,ORD-619,FLOW,FLOW,BID
6.56205370131298,100.3,1,ORD-942,ORD-802,FLOW,FLOW,BID
6.597735625392561,100.3,3,ORD-949,ORD-802,FUND_ADAPT,FLOW,BID
6.597735625392561,100.3,1,ORD-949,ORD-814,FUND_ADAPT,FLOW,BID
6.618187734055875,100.3,4,ORD-953,ORD-814,FUND_ADAPT,FLOW,BID
6.681294988903781,100.3,1,ORD-962,ORD-814,FUND_ADAPT,FLOW,BID
6.681294988903781,100.3,3,ORD-962,ORD-956,FUND_ADAPT,FLOW,BID
6.685792845382867,100.3,3,ORD-963,ORD-961,FLOW,MM,BID
6.7212748517721455,100.31,1,ORD-966,ORD-936,FLOW,FLOW,BID
6.732699667333385,100.31,3,ORD-969,ORD-936,INFORMED,FLOW,BID
6.732699667333385,100.31,1,ORD-969,ORD-950,INFORMED,FLOW,BID
6.745197938336868,100.3,3,ORD-974,ORD-973,FUND_ADAPT,MM,BID
6.797235536125566,100.28,3,ORD-981,ORD-979,FLOW,MM,ASK
6.797235536125566,100.28,3,ORD-984,ORD-981,FUND_ADAPT,FLOW,BID
6.797235536125566,100.28,3,ORD-984,ORD-983,FUND_ADAPT,MM,BID
6.895995664023818,100.28,1,ORD-996,ORD-994,FLOW,MM,ASK
6.895995664023818,100.3,3,ORD-999,ORD-998,FUND_ADAPT,MM,BID
6.92094434903531,100.31,2,ORD-1003,ORD-950,INFORMED,FLOW,BID
6.9669488437740235,100.31,2,ORD-1006,ORD-950,FLOW,FLOW,BID
6.9669488437740235,100.31,2,ORD-1006,ORD-989,FLOW,FLOW,BID
6.97094434903531,100.31,3,ORD-1011,ORD-1010,FUND_ADAPT,MM,BID
7.015391071377306,100.29,1,ORD-1012,ORD-1009,FLOW,MM,ASK
7.127411140200058,100.31,2,ORD-1024,ORD-1022,FLOW,MM,ASK
7.297619220990371,100.31,1,ORD-1038,ORD-1036,FLOW,MM,ASK
7.299530326507497,100.31,3,ORD-1041,ORD-1039,FLOW,MM,ASK
7.299530326507497,100.3,1,ORD-1041,ORD-1030,FLOW,FLOW,ASK
7.413978467674961,100.31,1,ORD-1058,ORD-1056,FLOW,MM,ASK
7.4295834934813,100.31,2,ORD-1061,ORD-1059,FLOW,MM,ASK
7.4295834934813,100.32,4,ORD-1064,ORD-918,FUND_ADAPT,FLOW,BID
7.435503935580889,100.32,2,ORD-1068,ORD-918,FUND_ADAPT,FLOW,BID
7.435503935580889,100.32,1,ORD-1068,ORD-1000,FUND_ADAPT,FLOW,BID
7.435503935580889,100.32,1,ORD-1068,ORD-1067,FUND_ADAPT,MM,BID
7.449425389974858,100.32,2,ORD-1069,ORD-1067,FLOW,MM,BID
7.449425389974858,100.34,1,ORD-1069,ORD-1065,FLOW,FLOW,BID
7.492160654858522,100.34,3,ORD-1072,ORD-1065,FLOW,FLOW,BID
7.618045130787082,100.34,1,ORD-1084,ORD-1065,FLOW,FLOW,BID
7.618045130787082,100.34,3,ORD-1084,ORD-1081,FLOW,FLOW,BID
7.761101273380213,100.33,1,ORD-1107,ORD-1105,FLOW,MM,ASK
7.776424136219591,100.34,1,ORD-1110,ORD-1081,FLOW,FLOW,BID
7.776424136219591,100.35,2,ORD-1113,ORD-1078,FUND_ADAPT,FLOW,BID
7.776424136219591,100.35,2,ORD-1113,ORD-1112,FUND_ADAPT,MM,BID
7.800563593948002,100.36,3,ORD-1116,ORD-1047,INFORMED,FLOW,BID
7.800563593948002,100.36,1,ORD-1116,ORD-1075,INFORMED,FLOW,BID
7.800563593948002,100.36,1,ORD-1116,ORD-1097,INFORMED,FLOW,BID
7.808265174782214,100.36,2,ORD-1119,ORD-1097,INFORMED,FLOW,BID
7.808265174782214,100.36,3,ORD-1119,ORD-1100,INFORMED,FLOW,BID
7.830463345448081,100.36,2,ORD-1125,ORD-1123,FLOW,MM,ASK
7.830463345448081,100.37,3,ORD-1128,ORD-1126,FUND_ADAPT,MM,ASK
7.954720133495657,100.38,3,ORD-1141,ORD-1139,FUND_ADAPT,MM,ASK
7.958677195063654,100.37,2,ORD-1142,ORD-1138,FLOW,FLOW,ASK
7.987071758795905,100.39,3,ORD-1147,ORD-1146,FLOW,MM,BID
8.007139348773629,100.4,2,ORD-1150,ORD-1131,INFORMED,FLOW,BID
8.007139348773629,100.41,3,ORD-1150,ORD-1149,INFORMED,MM,BID
8.009194152363703,100.4,3,ORD-1156,ORD-1154,FUND_ADAPT,MM,ASK
8.022652380689028,100.4,3,ORD-1160,ORD-1158,FUND_ADAPT,MM,ASK
8.05713934877363,100.39,2,ORD-1166,ORD-1147,FUND_ADAPT,FLOW,ASK
8.05713934877363,100.39,2,ORD-1166,ORD-1164,FUND_ADAPT,MM,ASK
8.156052457824703,100.39,5,ORD-1172,ORD-1167,FUND_ADAPT,FLOW,ASK
8.156052457824703,100.39,3,ORD-1172,ORD-1170,FUND_ADAPT,MM,ASK
8.170519391281076,100.38,1,ORD-1176,ORD-1157,FUND_ADAPT,FLOW,ASK
8.170519391281076,100.38,3,ORD-1176,ORD-1174,FUND_ADAPT,MM,ASK
8.290068705969972,100.37,1,ORD-1191,ORD-1138,FLOW,FLOW,ASK
8.345619269450998,100.38,2,ORD-1203,ORD-1177,INFORMED,FLOW,BID
8.345619269450998,100.38,3,ORD-1203,ORD-1185,INFORMED,FLOW,BID
8.373968082866977,100.37,2,ORD-1214,ORD-1138,FLOW,FLOW,ASK
8.373968082866977,100.36,1,ORD-1214,ORD-1188,FLOW,FLOW,ASK
8.390536114606205,100.36,2,ORD-1220,ORD-1188,FLOW,FLOW,ASK
8.390536114606205,100.36,2,ORD-1220,ORD-1217,FLOW,FLOW,ASK
8.411176494973734,100.37,2,ORD-1225,ORD-1224,INFORMED,MM,BID
8.461176494973735,100.37,3,ORD-1230,ORD-1229,FUND_ADAPT,MM,BID
8.508723088300787,100.37,3,ORD-1236,ORD-1235,FUND_ADAPT,MM,BID
8.686500267289839,100.38,2,ORD-1254,ORD-1233,FLOW,FLOW,BID
8.686500267289839,100.38,2,ORD-1254,ORD-1240,FLOW,FLOW,BID
8.896889791119701,100.36,1,ORD-1280,ORD-1217,FLOW,FLOW,ASK
8.951069820343806,100.38,1,ORD-1291,ORD-1240,INFORMED,FLOW,BID
8.951069820343806,100.38,1,ORD-1291,ORD-1290,INFORMED,MM,BID
8.969813251832338,100.36,3,ORD-1294,ORD-1217,FLOW,FLOW,ASK
9.000092712899361,100.36,2,ORD-1302,ORD-1300,FLOW,MM,ASK
9.000092712899361,100.37,3,ORD-1305,ORD-1304,FUND_ADAPT,MM,BID
9.105055712112573,100.38,3,ORD-1314,ORD-1313,INFORMED,MM,BID
9.105055712112573,100.39,2,ORD-1314,ORD-1243,INFORMED,FLOW,BID
9.155055712112574,100.39,1,ORD-1319,ORD-1243,FUND_ADAPT,FLOW,BID
9.155055712112574,100.39,3,ORD-1319,ORD-1318,FUND_ADAPT,MM,BID
9.27358037318747,100.4,1,ORD-1327,ORD-1200,FLOW,FLOW,BID
9.27358037318747,100.4,2,ORD-1327,ORD-1211,FLOW,FLOW,BID
9.314308993719463,100.4,2,ORD-1333,ORD-1265,INFORMED,FLOW,BID
9.434112451741438,100.4,1,ORD-1347,ORD-1265,FLOW,FLOW,BID
9.434112451741438,100.41,3,ORD-1347,ORD-1283,FLOW,FLOW,BID
9.522898189936985,100.41,2,ORD-1361,ORD-1283,FLOW,FLOW,BID
9.522898189936985,100.41,2,ORD-1361,ORD-1297,FLOW,FLOW,BID
9.557634126452902,100.41,1,ORD-1370,ORD-1297,INFORMED,FLOW,BID
9.557634126452902,100.41,3,ORD-1370,ORD-1336,INFORMED,FLOW,BID
9.557634126452902,100.42,3,ORD-1370,ORD-1161,INFORMED,FLOW,BID
9.557634126452902,100.41,3,ORD-1373,ORD-1371,FUND_ADAPT,MM,ASK
9.599609190549629,100.42,2,ORD-1380,ORD-1330,FLOW,FLOW,BID
9.599609190549629,100.41,3,ORD-1383,ORD-1381,FUND_ADAPT,MM,ASK
9.632728509707633,100.42,3,ORD-1391,ORD-1330,FUND_ADAPT,FLOW,BID
9.632728509707633,100.42,1,ORD-1391,ORD-1374,FUND_ADAPT,FLOW,BID
9.681173928637708,100.43,3,ORD-1397,ORD-1396,INFORMED,MM,BID
9.681173928637708,100.44,1,ORD-1397,ORD-1355,INFORMED,FLOW,BID
9.681173928637708,100.42,3,ORD-1400,ORD-1398,FUND_ADAPT,MM,ASK
9.684848689036805,100.43,3,ORD-1403,ORD-1402,INFORMED,MM,BID
9.684848689036805,100.44,2,ORD-1403,ORD-1355,INFORMED,FLOW,BID
9.699422345854435,100.45,1,ORD-1409,ORD-1408,FLOW,MM,BID
9.701826430616054,100.46,2,ORD-1412,ORD-1411,INFORMED,MM,BID
9.701826430616054,100.45,3,ORD-1415,ORD-1413,FUND_ADAPT,MM,ASK
9.731173928637709,100.44,3,ORD-1418,ORD-1416,FUND_ADAPT,MM,ASK
9.751826430616054,100.44,3,ORD-1423,ORD-1422,FUND_ADAPT,MM,BID
9.771014446535101,100.42,3,ORD-1424,ORD-1421,FLOW,MM,ASK
9.771014446535101,100.41,1,ORD-1424,ORD-1406,FLOW,FLOW,ASK
9.820391079329726,100.44,2,ORD-1429,ORD-1428,FLOW,MM,BID
9.866450136713073,100.44,3,ORD-1435,ORD-1434,FUND_ADAPT,MM,BID
9.907545924882866,100.45,3,ORD-1438,ORD-1437,FUND_ADAPT,MM,BID
9.919035717740112,100.46,3,ORD-1441,ORD-1440,FUND_ADAPT,MM,BID
9.942245205568648,100.46,3,ORD-1447,ORD-1445,FUND_ADAPT,MM,ASK
9.951009166987944,100.47,3,ORD-1451,ORD-1449,FUND_ADAPT,MM,ASK
10.053548483948177,100.46,3,ORD-1455,ORD-1453,FLOW,MM,ASK
10.053548483948177,100.44,1,ORD-1455,ORD-1442,FLOW,FLOW,ASK
10.053548483948177,100.46,3,ORD-1458,ORD-1456,FUND_ADAPT,MM,ASK
10.126901540640144,100.44,2,ORD-1465,ORD-1442,FLOW,FLOW,ASK
10.126901540640144,100.44,2,ORD-1465,ORD-1452,FLOW,FLOW,ASK
10.324406519031609,100.44,2,ORD-1484,ORD-1452,FLOW,FLOW,ASK
10.346242725926974,100.46,3,ORD-1487,ORD-1486,FLOW,MM,BID
10.346242725926974,100.47,1,ORD-1487,ORD-1459,FLOW,FLOW,BID
10.422034034736509,100.45,3,ORD-1493,ORD-1491,FUND_ADAPT,MM,ASK
10.437833863652317,100.44,1,ORD-1494,ORD-1452,FLOW,FLOW,ASK
10.527048165634454,100.44,1,ORD-1507,ORD-1452,FUND_ADAPT,FLOW,ASK
10.527048165634454,100.44,3,ORD-1507,ORD-1462,FUND_ADAPT,FLOW,ASK
10.535452095193119,100.44,3,ORD-1510,ORD-1508,FUND_ADAPT,MM,ASK
10.546839837810337,100.43,3,ORD-1514,ORD-1478,FLOW,FLOW,ASK
10.578894658226385,100.43,1,ORD-1519,ORD-1478,FLOW,FLOW,ASK
10.578894658226385,100.43,1,ORD-1519,ORD-1490,FLOW,FLOW,ASK
10.578894658226385,100.43,2,ORD-1519,ORD-1504,FLOW,FLOW,ASK
10.626956250581532,100.45,2,ORD-1522,ORD-1521,FLOW,MM,BID
10.67498497230864,100.46,2,ORD-1525,ORD-1524,INFORMED,MM,BID
10.763592817124012,100.43,3,ORD-1539,ORD-1504,FLOW,FLOW,ASK
10.763592817124012,100.43,1,ORD-1539,ORD-1537,FLOW,MM,ASK
10.768207740310151,100.43,3,ORD-1542,ORD-1540,FLOW,MM,ASK
10.768207740310151,100.42,1,ORD-1542,ORD-1473,FLOW,FLOW,ASK
10.821097057353843,100.44,2,ORD-1549,ORD-1548,FLOW,MM,BID
11.019696520663643,100.45,3,ORD-1579,ORD-1578,FLOW,MM,BID
11.038118001774919,100.45,2,ORD-1582,ORD-1579,FLOW,FLOW,ASK
11.239428073260719,100.46,1,ORD-1593,ORD-1528,FLOW,FLOW,BID
11.267031440451703,100.46,2,ORD-1596,ORD-1528,INFORMED,FLOW,BID
11.267031440451703,100.46,4,ORD-1596,ORD-1536,INFORMED,FLOW,BID
11.267031440451703,100.46,1,ORD-1596,ORD-1568,INFORMED,FLOW,BID
11.27094155009249,100.46,2,ORD-1599,ORD-1568,INFORMED,FLOW,BID
11.27094155009249,100.46,3,ORD-1599,ORD-1598,INFORMED,MM,BID
11.27094155009249,100.47,2,ORD-1599,ORD-1557,INFORMED,FLOW,BID
11.277307077053923,100.46,3,ORD-1605,ORD-1603,FUND_ADAPT,MM,ASK
11.310615149122526,100.45,2,ORD-1611,ORD-1602,FUND_ADAPT,FLOW,ASK
11.310615149122526,100.45,2,ORD-1611,ORD-1609,FUND_ADAPT,MM,ASK
11.317031440451704,100.46,3,ORD-1614,ORD-1613,FUND_ADAPT,MM,BID
11.330296592013639,100.45,1,ORD-1617,ORD-1615,FLOW,MM,ASK
11.372523789029326,100.45,2,ORD-1622,ORD-1620,FLOW,MM,ASK
11.416569503815516,100.46,1,ORD-1628,ORD-1625,FUND_ADAPT,FLOW,BID
11.416569503815516,100.46,3,ORD-1628,ORD-1627,FUND_ADAPT,MM,BID
11.431432480047043,100.47,3,ORD-1629,ORD-1557,INFORMED,FLOW,BID
11.431432480047043,100.48,2,ORD-1629,ORD-1533,INFORMED,FLOW,BID
11.449961454126505,100.47,1,ORD-1635,ORD-1634,FLOW,MM,BID
11.47244472021233,100.48,2,ORD-1638,ORD-1533,FLOW,FLOW,BID
11.47244472021233,100.48,2,ORD-1638,ORD-1573,FLOW,FLOW,BID
11.474659991153837,100.46,2,ORD-1641,ORD-1639,FLOW,MM,ASK
11.481432480047044,100.47,3,ORD-1646,ORD-1645,FUND_ADAPT,MM,BID
11.562000150199667,100.48,4,ORD-1656,ORD-1573,INFORMED,FLOW,BID
11.654857652005502,100.48,6,ORD-1667,ORD-1590,INFORMED,FLOW,BID
11.654857652005502,100.48,1,ORD-1667,ORD-1664,INFORMED,FLOW,BID
11.692397994265761,100.47,2,ORD-1673,ORD-1671,FLOW,MM,ASK
11.6933195441061,100.48,1,ORD-1676,ORD-1664,FLOW,FLOW,BID
11.704270857758404,100.48,4,ORD-1688,ORD-1664,FUND_ADAPT,FLOW,BID
11.705103248135384,100.48,4,ORD-1693,ORD-1685,FUND_ADAPT,FLOW,BID
11.806569882684645,100.46,3,ORD-1700,ORD-1653,FLOW,FLOW,ASK
11.806569882684645,100.46,2,ORD-1700,ORD-1682,FLOW,FLOW,ASK
11.806569882684645,100.48,2,ORD-1703,ORD-1685,FUND_ADAPT,FLOW,BID
11.806569882684645,100.48,2,ORD-1703,ORD-1702,FUND_ADAPT,MM,BID
11.897559860643131,100.49,2,ORD-1713,ORD-1448,FLOW,FLOW,BID
11.92667297679735,100.49,1,ORD-1716,ORD-1448,FLOW,FLOW,BID
11.92667297679735,100.49,1,ORD-1716,ORD-1468,FLOW,FLOW,BID
11.948621253863717,100.47,2,ORD-1722,ORD-1720,FLOW,MM,ASK
12.036465239124938,100.49,1,ORD-1735,ORD-1694,INFORMED,FLOW,BID
12.036465239124938,100.49,4,ORD-1735,ORD-1697,INFORMED,FLOW,BID
12.057903989379998,100.49,1,ORD-1740,ORD-1697,FUND_ADAPT,FLOW,BID
12.057903989379998,100.49,3,ORD-1740,ORD-1739,FUND_ADAPT,MM,BID
12.117197695177047,100.5,3,ORD-1743,ORD-1661,INFORMED,FLOW,BID
12.117197695177047,100.5,2,ORD-1743,ORD-1704,INFORMED,FLOW,BID
12.117197695177047,100.5,2,ORD-1743,ORD-1730,INFORMED,FLOW,BID
12.265874012127124,100.5,4,ORD-1758,ORD-1730,INFORMED,FLOW,BID
12.265874012127124,100.5,1,ORD-1758,ORD-1753,INFORMED,FLOW,BID
12.278143860262158,100.5,2,ORD-1764,ORD-1753,INFORMED,FLOW,BID
12.32814386026216,100.5,3,ORD-1777,ORD-1753,FUND_ADAPT,FLOW,BID
12.376752985732983,100.51,4,ORD-1781,ORD-1719,FUND_ADAPT,FLOW,BID
12.39304795188846,100.51,2,ORD-1788,ORD-1746,FUND_ADAPT,FLOW,BID
12.549290432845288,100.52,3,ORD-1801,ORD-1727,FLOW,FLOW,BID
12.549290432845288,100.52,3,ORD-1804,ORD-1727,FUND_ADAPT,FLOW,BID
12.549290432845288,100.52,1,ORD-1804,ORD-1792,FUND_ADAPT,FLOW,BID
12.649943427013747,100.52,1,ORD-1810,ORD-1792,FLOW,FLOW,BID
12.649943427013747,100.52,1,ORD-1810,ORD-1795,FLOW,FLOW,BID
12.654440591678117,100.52,2,ORD-1815,ORD-1795,FUND_ADAPT,FLOW,BID
12.654440591678117,100.52,2,ORD-1815,ORD-1807,FUND_ADAPT,FLOW,BID
12.66378642223064,100.52,1,ORD-1819,ORD-1807,FUND_ADAPT,FLOW,BID
12.66378642223064,100.52,3,ORD-1819,ORD-1818,FUND_ADAPT,MM,BID
12.74913569868811,100.53,3,ORD-1823,ORD-1816,FLOW,FLOW,BID
12.74913569868811,100.54,2,ORD-1823,ORD-1782,FLOW,FLOW,BID
12.74913569868811,100.52,3,ORD-1826,ORD-1824,FUND_ADAPT,MM,ASK
12.768250222716981,100.52,3,ORD-1833,ORD-1831,FUND_ADAPT,MM,ASK
12.79737296584378,100.54,1,ORD-1834,ORD-1782,FLOW,FLOW,BID
12.810808903938568,100.52,3,ORD-1840,ORD-1839,FUND_ADAPT,MM,BID
12.818775810765173,100.53,1,ORD-1841,ORD-1837,FLOW,FLOW,BID
12.818775810765173,100.54,1,ORD-1841,ORD-1782,FLOW,FLOW,BID
12.840331736707371,100.54,2,ORD-1844,ORD-1782,INFORMED,FLOW,BID
12.840331736707371,100.52,3,ORD-1847,ORD-1845,FUND_ADAPT,MM,ASK
12.8467320124671,100.49,3,ORD-1848,ORD-1778,FLOW,FLOW,ASK
12.857137060626998,100.51,3,ORD-1851,ORD-1849,FLOW,MM,ASK
12.857137060626998,100.51,1,ORD-1854,ORD-1851,FUND_ADAPT,FLOW,BID
12.857137060626998,100.51,3,ORD-1854,ORD-1853,FUND_ADAPT,MM,BID
12.935512024755646,100.5,2,ORD-1865,ORD-1863,FLOW,MM,ASK
12.935512024755646,100.52,3,ORD-1868,ORD-1867,FUND_ADAPT,MM,BID
12.98884169636253,100.51,3,ORD-1871,ORD-1869,INFORMED,MM,ASK
12.98884169636253,100.49,2,ORD-1871,ORD-1778,INFORMED,FLOW,ASK
13.022091910332227,100.5,3,ORD-1874,ORD-1872,FLOW,MM,ASK
13.028910615529096,100.51,3,ORD-1880,ORD-1879,FUND_ADAPT,MM,BID
13.030443880825917,100.52,3,ORD-1884,ORD-1883,FUND_ADAPT,MM,BID
13.137239006866551,100.51,3,ORD-1897,ORD-1895,FUND_ADAPT,MM,ASK
13.213744611953965,100.52,2,ORD-1908,ORD-1907,FLOW,MM,BID
13.493830096559211,100.52,1,ORD-1926,ORD-1911,FUND_ADAPT,FLOW,BID
13.493830096559211,100.52,2,ORD-1926,ORD-1917,FUND_ADAPT,FLOW,BID
13.493830096559211,100.52,1,ORD-1926,ORD-1920,FUND_ADAPT,FLOW,BID
13.505131687634638,100.52,2,ORD-1929,ORD-1920,FUND_ADAPT,FLOW,BID
13.505131687634638,100.52,2,ORD-1929,ORD-1928,FUND_ADAPT,MM,BID
13.522461329914465,100.51,3,ORD-1933,ORD-1931,INFORMED,MM,ASK
13.522461329914465,100.49,1,ORD-1933,ORD-1778,INFORMED,FLOW,ASK
13.557605583863388,100.5,2,ORD-1936,ORD-1934,INFORMED,MM,ASK
13.576434650183236,100.5,3,ORD-1944,ORD-1942,INFORMED,MM,ASK
13.576434650183236,100.49,1,ORD-1944,ORD-1881,INFORMED,FLOW,ASK
13.657456767128625,100.49,4,ORD-1958,ORD-1881,FUND_ADAPT,FLOW,ASK
13.671527114753571,100.49,2,ORD-1959,ORD-1898,FLOW,FLOW,ASK
13.671527114753571,100.49,2,ORD-1959,ORD-1903,FLOW,FLOW,ASK
13.689640567615701,100.51,3,ORD-1962,ORD-1961,FLOW,MM,BID
13.689640567615701,100.49,4,ORD-1965,ORD-1903,FUND_ADAPT,FLOW,ASK
13.769924457683512,100.49,1,ORD-1971,ORD-1930,FUND_ADAPT,FLOW,ASK
13.769924457683512,100.49,3,ORD-1971,ORD-1969,FUND_ADAPT,MM,ASK
13.773351368151783,100.5,3,ORD-1974,ORD-1973,FLOW,MM,BID
13.773351368151783,100.52,1,ORD-1974,ORD-1955,FLOW,FLOW,BID
13.777012520301373,100.49,1,ORD-1977,ORD-1975,FLOW,MM,ASK
13.797406264448542,100.49,3,ORD-1983,ORD-1981,FUND_ADAPT,MM,ASK
13.852614399844306,100.49,2,ORD-1993,ORD-1992,FLOW,MM,BID
13.853526895666592,100.48,3,ORD-1996,ORD-1761,FLOW,FLOW,ASK
13.934260457203191,100.48,1,ORD-2005,ORD-1761,FLOW,FLOW,ASK
13.957922011355476,100.49,3,ORD-2019,ORD-2018,FUND_ADAPT,MM,BID
13.973129882902485,100.48,1,ORD-2020,ORD-1761,FLOW,FLOW,ASK
13.973129882902485,100.48,3,ORD-2020,ORD-1789,FLOW,FLOW,ASK
13.998832308866865,100.48,3,ORD-2023,ORD-2021,INFORMED,MM,ASK
13.998832308866865,100.47,2,ORD-2023,ORD-1968,INFORMED,FLOW,ASK
13.998832308866865,100.49,3,ORD-2026,ORD-2025,FUND_ADAPT,MM,BID
14.075981427630625,100.48,2,ORD-2037,ORD-2027,INFORMED,FLOW,ASK
14.075981427630625,100.48,2,ORD-2037,ORD-2035,INFORMED,MM,ASK
14.213545100495898,100.47,3,ORD-2058,ORD-1968,FLOW,FLOW,ASK
14.213545100495898,100.47,1,ORD-2058,ORD-2056,FLOW,MM,ASK
14.273808266673582,100.46,2,ORD-2069,ORD-1682,FUND_ADAPT,FLOW,ASK
14.273808266673582,100.46,2,ORD-2069,ORD-1767,FUND_ADAPT,FLOW,ASK
14.358038379713053,100.46,3,ORD-2076,ORD-1770,FUND_ADAPT,FLOW,ASK
14.358038379713053,100.46,1,ORD-2076,ORD-1980,FUND_ADAPT,FLOW,ASK
14.360920140763264,100.46,4,ORD-2080,ORD-1980,FUND_ADAPT,FLOW,ASK
14.366174722284823,100.46,1,ORD-2084,ORD-1980,FUND_ADAPT,FLOW,ASK
14.366174722284823,100.46,3,ORD-2084,ORD-2011,FUND_ADAPT,FLOW,ASK
14.406062938675083,100.48,3,ORD-2088,ORD-2087,FLOW,MM,BID
14.406062938675083,100.48,2,ORD-2091,ORD-2088,FUND_ADAPT,FLOW,ASK
14.406062938675083,100.48,3,ORD-2091,ORD-2089,FUND_ADAPT,MM,ASK
14.419847600631405,100.48,1,ORD-2098,ORD-2097,FLOW,MM,BID
14.419847600631405,100.46,3,ORD-2101,ORD-2011,FUND_ADAPT,FLOW,ASK
14.419847600631405,100.46,1,ORD-2101,ORD-2095,FUND_ADAPT,FLOW,ASK
14.42252636886433,100.46,1,ORD-2105,ORD-2095,FUND_ADAPT,FLOW,ASK
14.42252636886433,100.46,3,ORD-2105,ORD-2103,FUND_ADAPT,MM,ASK
14.46827975750053,100.46,3,ORD-2111,ORD-2110,FUND_ADAPT,MM,BID
14.526460972980175,100.47,3,ORD-2121,ORD-2120,FLOW,MM,BID
14.532086850388552,100.46,3,ORD-2124,ORD-2122,INFORMED,MM,ASK
14.532086850388552,100.45,4,ORD-2124,ORD-2102,INFORMED,FLOW,ASK
14.582754094037389,100.47,2,ORD-2135,ORD-2130,FLOW,FLOW,BID
14.582754094037389,100.47,3,ORD-2135,ORD-2134,FLOW,MM,BID
14.582754094037389,100.47,1,ORD-2138,ORD-2135,FUND_ADAPT,FLOW,ASK
14.582754094037389,100.47,3,ORD-2138,ORD-2136,FUND_ADAPT,MM,ASK
14.59668153765469,100.45,1,ORD-2145,ORD-2102,FLOW,FLOW,ASK
14.59668153765469,100.45,2,ORD-2145,ORD-2143,FLOW,MM,ASK
14.602354924377961,100.46,3,ORD-2154,ORD-2153,FUND_ADAPT,MM,BID
14.690926927129441,100.46,3,ORD-2166,ORD-2165,FUND_ADAPT,MM,BID
14.692523182198428,100.44,4,ORD-2167,ORD-1606,FLOW,FLOW,ASK
14.757520835687302,100.47,4,ORD-2173,ORD-2163,FLOW,FLOW,BID
14.7784788970713,100.45,3,ORD-2180,ORD-2178,INFORMED,MM,ASK
14.7784788970713,100.44,2,ORD-2180,ORD-1606,INFORMED,FLOW,ASK
14.7784788970713,100.44,2,ORD-2180,ORD-2064,INFORMED,FLOW,ASK
14.779502605353295,100.44,4,ORD-2183,ORD-2064,INFORMED,FLOW,ASK
14.779502605353295,100.44,1,ORD-2183,ORD-2139,INFORMED,FLOW,ASK
14.779502605353295,100.46,3,ORD-2186,ORD-2185,FUND_ADAPT,MM,BID
14.785928258016856,100.46,2,ORD-2190,ORD-2187,FUND_ADAPT,FLOW,BID
14.785928258016856,100.46,2,ORD-2190,ORD-2189,FUND_ADAPT,MM,BID
14.880994346607928,100.45,3,ORD-2201,ORD-2199,FLOW,MM,ASK
14.880994346607928,100.45,3,ORD-2204,ORD-2202,FUND_ADAPT,MM,ASK
14.885918081320208,100.47,2,ORD-2205,ORD-2163,FLOW,FLOW,BID
14.885918081320208,100.47,1,ORD-2205,ORD-2203,FLOW,MM,BID
14.905001435824659,100.47,3,ORD-2211,ORD-2210,FLOW,MM,BID
14.942302409983768,100.47,1,ORD-2214,ORD-2211,FLOW,FLOW,ASK
14.942302409983768,100.47,1,ORD-2217,ORD-2211,FUND_ADAPT,FLOW,ASK
14.942302409983768,100.47,3,ORD-2217,ORD-2215,FUND_ADAPT,MM,ASK
14.959716614896822,100.45,3,ORD-2223,ORD-2221,FUND_ADAPT,MM,ASK
14.960126002357566,100.44,1,ORD-2224,ORD-2139,FLOW,FLOW,ASK
15.013563891183873,100.44,1,ORD-2235,ORD-2139,FLOW,FLOW,ASK
15.041958277630041,100.46,2,ORD-2242,ORD-2241,FLOW,MM,BID
15.102124548611116,100.45,3,ORD-2251,ORD-2249,FLOW,MM,ASK
15.250551969035355,100.44,1,ORD-2268,ORD-2139,FLOW,FLOW,ASK
15.250551969035355,100.44,2,ORD-2268,ORD-2148,FLOW,FLOW,ASK
15.288989998652761,100.44,4,ORD-2279,ORD-2170,FUND_ADAPT,FLOW,ASK
15.316306430384333,100.44,2,ORD-2283,ORD-2170,FUND_ADAPT,FLOW,ASK
15.316306430384333,100.44,2,ORD-2283,ORD-2208,FUND_ADAPT,FLOW,ASK
15.372181089270457,100.44,4,ORD-2284,ORD-2208,FLOW,FLOW,ASK
15.372181089270457,100.44,2,ORD-2287,ORD-2248,FUND_ADAPT,FLOW,ASK
15.489037354551009,100.43,4,ORD-2292,ORD-1576,FLOW,FLOW,ASK
15.490135554392396,100.43,2,ORD-2298,ORD-1576,FUND_ADAPT,FLOW,ASK
15.490135554392396,100.43,2,ORD-2298,ORD-1670,FUND_ADAPT,FLOW,ASK
15.547011142628278,100.43,2,ORD-2302,ORD-1670,FUND_ADAPT,FLOW,ASK
15.547011142628278,100.43,2,ORD-2302,ORD-1679,FUND_ADAPT,FLOW,ASK
15.586303477747043,100.43,3,ORD-2305,ORD-1679,FUND_ADAPT,FLOW,ASK
15.586303477747043,100.43,5,ORD-2305,ORD-2151,FUND_ADAPT,FLOW,ASK
15.641612664884605,100.43,4,ORD-2309,ORD-2227,FLOW,FLOW,ASK
15.65560426874019,100.43,6,ORD-2315,ORD-2257,FUND_ADAPT,FLOW,ASK
15.65560426874019,100.43,1,ORD-2315,ORD-2280,FUND_ADAPT,FLOW,ASK
15.66667913761048,100.42,3,ORD-2324,ORD-1511,FUND_ADAPT,FLOW,ASK
15.66667913761048,100.42,1,ORD-2324,ORD-1552,FUND_ADAPT,FLOW,ASK
15.75739648877127,100.42,2,ORD-2328,ORD-2115,INFORMED,FLOW,ASK
15.765671922904081,100.42,1,ORD-2336,ORD-2115,FUND_ADAPT,FLOW,ASK
15.765671922904081,100.42,2,ORD-2336,ORD-2142,FUND_ADAPT,FLOW,ASK
15.765671922904081,100.42,1,ORD-2336,ORD-2155,FUND_ADAPT,FLOW,ASK
15.77369715794585,100.43,1,ORD-2337,ORD-2335,FLOW,MM,BID
15.77369715794585,100.42,1,ORD-2340,ORD-2191,FUND_ADAPT,FLOW,ASK
15.77369715794585,100.42,3,ORD-2340,ORD-2232,FUND_ADAPT,FLOW,ASK
15.882719298258404,100.42,1,ORD-2345,ORD-2232,FUND_ADAPT,FLOW,ASK
15.882719298258404,100.42,5,ORD-2345,ORD-2276,FUND_ADAPT,FLOW,ASK
15.90394172664005,100.43,1,ORD-2348,ORD-2347,FLOW,MM,BID
15.90394172664005,100.41,3,ORD-2351,ORD-1587,FUND_ADAPT,FLOW,ASK
15.90394172664005,100.41,1,ORD-2351,ORD-2260,FUND_ADAPT,FLOW,ASK
15.914559675901586,100.41,3,ORD-2352,ORD-2260,FLOW,FLOW,ASK
15.947186150051747,100.41,1,ORD-2355,ORD-2260,INFORMED,FLOW,ASK
15.947186150051747,100.41,3,ORD-2355,ORD-2353,INFORMED,MM,ASK
15.976832469534601,100.42,1,ORD-2358,ORD-2357,FLOW,MM,BID
15.98694031215648,100.4,1,ORD-2361,ORD-1563,FLOW,FLOW,ASK
16.000840416980672,100.4,2,ORD-2366,ORD-1563,INFORMED,FLOW,ASK
16.130655420720256,100.4,3,ORD-2377,ORD-1563,FLOW,FLOW,ASK
16.130655420720256,100.4,1,ORD-2377,ORD-2263,FLOW,FLOW,ASK
16.13458370448535,100.4,1,ORD-2380,ORD-2263,INFORMED,FLOW,ASK
16.13458370448535,100.4,5,ORD-2380,ORD-2306,INFORMED,FLOW,ASK
16.13458370448535,100.4,1,ORD-2380,ORD-2325,INFORMED,FLOW,ASK
16.200272941550743,100.4,3,ORD-2394,ORD-2325,FUND_ADAPT,FLOW,ASK
16.200272941550743,100.4,3,ORD-2394,ORD-2383,FUND_ADAPT,FLOW,ASK
16.200272941550743,100.4,2,ORD-2394,ORD-2386,FUND_ADAPT,FLOW,ASK
16.200272941550743,100.4,3,ORD-2394,ORD-2392,FUND_ADAPT,MM,ASK
16.423240900809635,100.4,1,ORD-2412,ORD-2395,FUND_ADAPT,FLOW,ASK
16.423240900809635,100.4,3,ORD-2412,ORD-2406,FUND_ADAPT,FLOW,ASK
16.55191388851312,100.39,2,ORD-2420,ORD-2374,FUND_ADAPT,FLOW,ASK
16.55191388851312,100.39,2,ORD-2420,ORD-2391,FUND_ADAPT,FLOW,ASK
16.57931588204624,100.39,1,ORD-2421,ORD-2391,FLOW,FLOW,ASK
16.57931588204624,100.38,1,ORD-2421,ORD-1358,FLOW,FLOW,ASK
16.57931588204624,100.38,1,ORD-2421,ORD-1392,FLOW,FLOW,ASK
16.592661019814628,100.38,1,ORD-2427,ORD-1392,FLOW,FLOW,ASK
16.616995708006623,100.39,2,ORD-2430,ORD-2429,FLOW,MM,BID
16.64160823967133,100.38,3,ORD-2433,ORD-1392,FLOW,FLOW,ASK
16.64160823967133,100.38,1,ORD-2436,ORD-1392,FUND_ADAPT,FLOW,ASK
16.64160823967133,100.38,3,ORD-2436,ORD-2434,FUND_ADAPT,MM,ASK
16.649420676810955,100.38,3,ORD-2440,ORD-2439,FLOW,MM,BID
16.649420676810955,100.38,3,ORD-2443,ORD-2440,FUND_ADAPT,FLOW,ASK
16.649420676810955,100.38,1,ORD-2443,ORD-2441,FUND_ADAPT,MM,ASK
16.775677781607257,100.36,2,ORD-2457,ORD-1344,INFORMED,FLOW,ASK
16.80389693074237,100.36,3,ORD-2463,ORD-1344,FLOW,FLOW,ASK
16.82949474404439,100.36,1,ORD-2471,ORD-1344,FLOW,FLOW,ASK
16.82949474404439,100.36,1,ORD-2471,ORD-1364,FLOW,FLOW,ASK
16.832099066279532,100.38,3,ORD-2474,ORD-2473,FLOW,MM,BID
16.945226712452797,100.38,1,ORD-2488,ORD-2487,FLOW,MM,BID
16.98205864893465,100.37,2,ORD-2494,ORD-2477,INFORMED,FLOW,ASK
17.100962054478522,100.37,1,ORD-2504,ORD-2477,FUND_ADAPT,FLOW,ASK
17.120720623226333,100.36,4,ORD-2505,ORD-1364,INFORMED,FLOW,ASK
17.134321443632977,100.37,2,ORD-2508,ORD-2507,FLOW,MM,BID
17.134321443632977,100.36,1,ORD-2511,ORD-1364,FUND_ADAPT,FLOW,ASK
17.134321443632977,100.36,3,ORD-2511,ORD-2460,FUND_ADAPT,FLOW,ASK
17.1599165520183,100.36,1,ORD-2516,ORD-2460,FUND_ADAPT,FLOW,ASK
17.1599165520183,100.36,3,ORD-2516,ORD-2514,FUND_ADAPT,MM,ASK
17.170720623226334,100.35,4,ORD-2522,ORD-1122,FUND_ADAPT,FLOW,ASK
17.170989747596508,100.35,1,ORD-2523,ORD-1122,FLOW,FLOW,ASK
17.170989747596508,100.35,1,ORD-2523,ORD-1257,FLOW,FLOW,ASK
17.314966231291315,100.35,2,ORD-2531,ORD-1257,FLOW,FLOW,ASK
17.314966231291315,100.35,3,ORD-2534,ORD-1257,FUND_ADAPT,FLOW,ASK
17.314966231291315,100.35,1,ORD-2534,ORD-2454,FUND_ADAPT,FLOW,ASK
17.375572185749505,100.37,2,ORD-2535,ORD-2533,FLOW,MM,BID
17.46148276907739,100.36,3,ORD-2538,ORD-2536,INFORMED,MM,ASK
17.46148276907739,100.35,1,ORD-2538,ORD-2454,INFORMED,FLOW,ASK
17.488426546916713,100.35,3,ORD-2541,ORD-2528,FLOW,FLOW,ASK
17.488426546916713,100.35,1,ORD-2541,ORD-2539,FLOW,MM,ASK
17.68864475862774,100.34,5,ORD-2559,ORD-1308,INFORMED,FLOW,ASK
17.7325727649754,100.34,1,ORD-2564,ORD-2447,FLOW,FLOW,ASK
17.7325727649754,100.34,3,ORD-2564,ORD-2550,FLOW,FLOW,ASK
17.79941500877715,100.34,3,ORD-2584,ORD-2550,FUND_ADAPT,FLOW,ASK
17.882800977499226,100.34,1,ORD-2602,ORD-2601,FLOW,MM,BID
17.949045050395288,100.34,3,ORD-2608,ORD-2607,FUND_ADAPT,MM,BID
17.97862610637584,100.36,2,ORD-2609,ORD-2590,FLOW,FLOW,BID
17.98384457802964,100.33,2,ORD-2612,ORD-1246,FLOW,FLOW,ASK
18.02523272900966,100.33,4,ORD-2615,ORD-1246,INFORMED,FLOW,ASK
18.02523272900966,100.33,1,ORD-2615,ORD-2468,INFORMED,FLOW,ASK
18.060966759439374,100.35,2,ORD-2621,ORD-2620,FLOW,MM,BID
18.067532477260503,100.34,2,ORD-2626,ORD-2624,FLOW,MM,ASK
18.34525165759701,100.33,4,ORD-2643,ORD-2468,FLOW,FLOW,ASK
18.37818070458118,100.33,1,ORD-2649,ORD-2468,INFORMED,FLOW,ASK
18.37818070458118,100.33,3,ORD-2649,ORD-2647,INFORMED,MM,ASK
18.37818070458118,100.32,1,ORD-2649,ORD-2553,INFORMED,FLOW,ASK
18.421579886312998,100.33,3,ORD-2655,ORD-2654,FUND_ADAPT,MM,BID
18.43613707214756,100.32,1,ORD-2658,ORD-2553,FLOW,FLOW,ASK
18.43613707214756,100.32,3,ORD-2658,ORD-2572,FLOW,FLOW,ASK
18.467961870420243,100.34,2,ORD-2664,ORD-2652,FUND_ADAPT,FLOW,BID
18.467961870420243,100.34,2,ORD-2664,ORD-2663,FUND_ADAPT,MM,BID
18.525764278380304,100.32,3,ORD-2670,ORD-2572,FLOW,FLOW,ASK
18.525764278380304,100.32,1,ORD-2670,ORD-2578,FLOW,FLOW,ASK
18.590225941708137,100.34,3,ORD-2680,ORD-2679,FUND_ADAPT,MM,BID
18.605831454145434,100.33,3,ORD-2687,ORD-2685,INFORMED,MM,ASK
18.605831454145434,100.32,1,ORD-2687,ORD-2578,INFORMED,FLOW,ASK
18.605831454145434,100.34,3,ORD-2690,ORD-2689,FUND_ADAPT,MM,BID
18.734421026193676,100.34,3,ORD-2698,ORD-2696,FUND_ADAPT,MM,ASK
18.879533699627753,100.33,3,ORD-2709,ORD-2695,FLOW,FLOW,ASK
18.988327153571998,100.33,3,ORD-2715,ORD-2695,FLOW,FLOW,ASK
19.015676931763643,100.33,4,ORD-2727,ORD-2706,FUND_ADAPT,FLOW,ASK
19.020748924364074,100.33,1,ORD-2731,ORD-2706,FUND_ADAPT,FLOW,ASK
19.020748924364074,100.33,3,ORD-2731,ORD-2729,FUND_ADAPT,MM,ASK
19.08607984034049,100.32,2,ORD-2738,ORD-2578,INFORMED,FLOW,ASK
19.106505211966056,100.34,3,ORD-2743,ORD-2742,FLOW,MM,BID
19.106505211966056,100.35,1,ORD-2743,ORD-2667,FLOW,FLOW,BID
19.114643591260826,100.32,2,ORD-2746,ORD-2578,FLOW,FLOW,ASK
19.146022142823984,100.32,2,ORD-2751,ORD-2585,INFORMED,FLOW,ASK
19.146022142823984,100.32,5,ORD-2751,ORD-2597,INFORMED,FLOW,ASK
19.157251246614464,100.32,1,ORD-2754,ORD-2722,INFORMED,FLOW,ASK
19.157251246614464,100.32,3,ORD-2754,ORD-2728,INFORMED,FLOW,ASK
19.157251246614464,100.32,2,ORD-2757,ORD-2728,FUND_ADAPT,FLOW,ASK
19.157251246614464,100.32,2,ORD-2757,ORD-2755,FUND_ADAPT,MM,ASK
19.216804934131375,100.32,3,ORD-2771,ORD-2768,FUND_ADAPT,FLOW,ASK
19.216804934131375,100.32,3,ORD-2771,ORD-2769,FUND_ADAPT,MM,ASK
19.226919634895815,100.34,3,ORD-2772,ORD-2770,FLOW,MM,BID
19.226919634895815,100.35,1,ORD-2772,ORD-2667,FLOW,FLOW,BID
19.285410649131858,100.32,3,ORD-2779,ORD-2777,INFORMED,MM,ASK
19.285410649131858,100.31,1,ORD-2779,ORD-2638,INFORMED,FLOW,ASK
19.285410649131858,100.31,4,ORD-2782,ORD-2646,FUND_ADAPT,FLOW,ASK
19.30555960534276,100.31,1,ORD-2783,ORD-2699,INFORMED,FLOW,ASK
19.30555960534276,100.31,3,ORD-2783,ORD-2780,INFORMED,MM,ASK
19.30555960534276,100.3,1,ORD-2783,ORD-1033,INFORMED,FLOW,ASK
19.30555960534276,100.3,2,ORD-2786,ORD-1033,FUND_ADAPT,FLOW,ASK
19.30555960534276,100.3,2,ORD-2786,ORD-2575,FUND_ADAPT,FLOW,ASK
19.33541064913186,100.3,1,ORD-2789,ORD-2575,FUND_ADAPT,FLOW,ASK
19.33541064913186,100.3,1,ORD-2789,ORD-2763,FUND_ADAPT,FLOW,ASK
19.33541064913186,100.3,2,ORD-2789,ORD-2787,FUND_ADAPT,MM,ASK
19.355559605342762,100.3,4,ORD-2795,ORD-2790,FUND_ADAPT,FLOW,ASK
19.360203201682197,100.32,1,ORD-2796,ORD-2794,FLOW,MM,BID
19.374838868685057,100.31,3,ORD-2799,ORD-2798,FLOW,MM,BID
19.374838868685057,100.31,1,ORD-2802,ORD-2799,FUND_ADAPT,FLOW,ASK
19.374838868685057,100.31,3,ORD-2802,ORD-2800,FUND_ADAPT,MM,ASK
19.376011027701054,100.29,1,ORD-2803,ORD-2732,INFORMED,FLOW,ASK
19.376011027701054,100.29,1,ORD-2803,ORD-2758,INFORMED,FLOW,ASK
19.379643235256005,100.29,3,ORD-2809,ORD-2758,FUND_ADAPT,FLOW,ASK
19.426011027701055,100.28,3,ORD-2816,ORD-1050,FUND_ADAPT,FLOW,ASK
19.426011027701055,100.28,1,ORD-2816,ORD-2814,FUND_ADAPT,MM,ASK
19.43678651968889,100.28,2,ORD-2817,ORD-2814,FLOW,MM,ASK
19.43678651968889,100.27,2,ORD-2817,ORD-1015,FLOW,FLOW,ASK
19.568896973706803,100.27,2,ORD-2827,ORD-1015,FLOW,FLOW,ASK
19.59891253314963,100.29,1,ORD-2832,ORD-2831,FLOW,MM,BID
19.634107911395073,100.29,2,ORD-2843,ORD-2842,FLOW,MM,BID
19.888060211179013,100.28,3,ORD-2865,ORD-2864,FLOW,MM,BID
19.937650030800413,100.27,2,ORD-2868,ORD-1015,FLOW,FLOW,ASK
19.937650030800413,100.27,1,ORD-2868,ORD-2866,FLOW,MM,ASK
20.047855269766924,100.27,3,ORD-2883,ORD-2882,FUND_ADAPT,MM,BID
20.09865769580788,100.26,1,ORD-2886,ORD-2838,FLOW,FLOW,ASK
20.09865769580788,100.27,3,ORD-2889,ORD-2888,FUND_ADAPT,MM,BID
20.111819665671394,100.28,1,ORD-2893,ORD-2874,FUND_ADAPT,FLOW,BID
20.111819665671394,100.28,3,ORD-2893,ORD-2892,FUND_ADAPT,MM,BID
20.140716277905543,100.29,1,ORD-2897,ORD-2871,FUND_ADAPT,FLOW,BID
20.140716277905543,100.29,3,ORD-2897,ORD-2896,FUND_ADAPT,MM,BID
20.284515167693886,100.29,2,ORD-2915,ORD-2913,INFORMED,MM,ASK
20.330321450444806,100.29,3,ORD-2920,ORD-2918,FLOW,MM,ASK
20.332715598457632,100.3,1,ORD-2923,ORD-2894,FLOW,FLOW,BID
20.354143308502998,100.28,1,ORD-2928,ORD-2907,FLOW,FLOW,ASK
20.354143308502998,100.28,3,ORD-2928,ORD-2926,FLOW,MM,ASK
20.354143308502998,100.27,3,ORD-2931,ORD-2930,FUND_ADAPT,MM,BID
20.44815304477428,100.26,1,ORD-2941,ORD-2838,FLOW,FLOW,ASK
20.44815304477428,100.26,2,ORD-2941,ORD-2898,FLOW,FLOW,ASK
20.51358329611873,100.28,1,ORD-2949,ORD-2928,FLOW,FLOW,BID
20.731722856591343,100.26,1,ORD-2966,ORD-2898,INFORMED,FLOW,ASK
20.731722856591343,100.26,3,ORD-2966,ORD-2964,INFORMED,MM,ASK
20.731722856591343,100.27,3,ORD-2969,ORD-2968,FUND_ADAPT,MM,BID
20.740537704682787,100.25,1,ORD-2970,ORD-876,FLOW,FLOW,ASK
20.740537704682787,100.25,2,ORD-2970,ORD-2835,FLOW,FLOW,ASK
20.842172051548893,100.26,1,ORD-2986,ORD-2976,FLOW,FLOW,ASK
20.852498708361185,100.26,1,ORD-2992,ORD-2976,FUND_ADAPT,FLOW,ASK
20.852498708361185,100.26,3,ORD-2992,ORD-2989,FUND_ADAPT,FLOW,ASK
20.873223591153636,100.26,2,ORD-2993,ORD-2989,INFORMED,FLOW,ASK
20.884635780644246,100.26,3,ORD-2999,ORD-2997,FUND_ADAPT,MM,ASK
20.973754393777867,100.27,1,ORD-3010,ORD-3009,FLOW,MM,BID
21.03965954292922,100.27,1,ORD-3021,ORD-3020,FLOW,MM,BID
21.075506028119225,100.27,2,ORD-3027,ORD-3026,FLOW,MM,BID
21.08985957769314,100.26,3,ORD-3033,ORD-3031,FUND_ADAPT,MM,ASK
21.121642718910543,100.28,1,ORD-3034,ORD-2928,FLOW,FLOW,BID
21.144382521726293,100.25,2,ORD-3037,ORD-2835,FLOW,FLOW,ASK
21.144382521726293,100.25,1,ORD-3037,ORD-2890,FLOW,FLOW,ASK
21.19409760081824,100.27,1,ORD-3042,ORD-3041,FLOW,MM,BID
21.27686962926622,100.25,1,ORD-3047,ORD-2932,FLOW,FLOW,ASK
21.290691446372566,100.25,2,ORD-3056,ORD-2935,FLOW,FLOW,ASK
21.290691446372566,100.25,1,ORD-3056,ORD-2957,FLOW,FLOW,ASK
21.40249644912726,100.27,1,ORD-3070,ORD-3065,FLOW,FLOW,BID
21.42745452029452,100.25,1,ORD-3073,ORD-2957,INFORMED,FLOW,ASK
21.42745452029452,100.25,3,ORD-3073,ORD-3005,INFORMED,FLOW,ASK
21.428591653237753,100.25,1,ORD-3076,ORD-3050,INFORMED,FLOW,ASK
21.428591653237753,100.25,1,ORD-3076,ORD-3074,INFORMED,MM,ASK
21.483838254279007,100.25,3,ORD-3090,ORD-3088,FUND_ADAPT,MM,ASK
21.497427993213154,100.24,3,ORD-3091,ORD-2852,INFORMED,FLOW,ASK
21.497427993213154,100.24,4,ORD-3091,ORD-2877,INFORMED,FLOW,ASK
21.497427993213154,100.24,2,ORD-3094,ORD-2877,FUND_ADAPT,FLOW,ASK
21.497427993213154,100.24,2,ORD-3094,ORD-2880,FUND_ADAPT,FLOW,ASK
21.49880426735183,100.24,4,ORD-3095,ORD-2880,INFORMED,FLOW,ASK
21.49880426735183,100.24,3,ORD-3095,ORD-2996,INFORMED,FLOW,ASK
21.499141425615978,100.24,1,ORD-3100,ORD-2996,FUND_ADAPT,FLOW,ASK
21.499141425615978,100.24,3,ORD-3100,ORD-3000,FUND_ADAPT,FLOW,ASK
21.515544651323907,100.24,3,ORD-3104,ORD-3000,FUND_ADAPT,FLOW,ASK
21.515544651323907,100.24,1,ORD-3104,ORD-3024,FUND_ADAPT,FLOW,ASK
21.53626878567039,100.24,4,ORD-3108,ORD-3024,FUND_ADAPT,FLOW,ASK
21.53653931189775,100.24,3,ORD-3109,ORD-3030,FLOW,FLOW,ASK
21.53653931189775,100.23,1,ORD-3109,ORD-3013,FLOW,FLOW,ASK
21.5422492401444,100.23,4,ORD-3115,ORD-3053,FUND_ADAPT,FLOW,ASK
21.547427993213155,100.23,2,ORD-3120,ORD-3053,FUND_ADAPT,FLOW,ASK
21.547427993213155,100.23,5,ORD-3120,ORD-3105,FUND_ADAPT,FLOW,ASK
21.547427993213155,100.23,3,ORD-3120,ORD-3118,FUND_ADAPT,MM,ASK
21.552343554878938,100.21,2,ORD-3126,ORD-3112,FUND_ADAPT,FLOW,ASK
21.593859190101423,100.2,3,ORD-3133,ORD-3132,FUND_ADAPT,MM,BID
21.814636894124295,100.19,3,ORD-3155,ORD-3154,FUND_ADAPT,MM,BID
21.864157469341848,100.2,2,ORD-3164,ORD-3152,FUND_ADAPT,FLOW,BID
21.864157469341848,100.2,2,ORD-3164,ORD-3163,FUND_ADAPT,MM,BID
21.88286372448415,100.2,3,ORD-3168,ORD-3167,FUND_ADAPT,MM,BID
21.885592933070257,100.21,2,ORD-3169,ORD-3161,FLOW,FLOW,BID
21.885592933070257,100.21,1,ORD-3169,ORD-3165,FLOW,FLOW,BID
21.885592933070257,100.2,3,ORD-3172,ORD-3170,FUND_ADAPT,MM,ASK
21.901140975460844,100.21,3,ORD-3175,ORD-3174,FLOW,MM,BID
21.901140975460844,100.2,3,ORD-3178,ORD-3176,FUND_ADAPT,MM,ASK
21.970553258788815,100.2,3,ORD-3185,ORD-3184,FUND_ADAPT,MM,BID
22.02722704059608,100.21,2,ORD-3198,ORD-3179,FLOW,FLOW,BID
22.02722704059608,100.22,1,ORD-3198,ORD-3156,FLOW,FLOW,BID
22.02722704059608,100.22,1,ORD-3198,ORD-3197,FLOW,MM,BID
22.02722704059608,100.21,3,ORD-3201,ORD-3199,FUND_ADAPT,MM,ASK
22.092090988828204,100.21,3,ORD-3207,ORD-3205,FUND_ADAPT,MM,ASK
22.105294755395878,100.2,4,ORD-3211,ORD-3192,FUND_ADAPT,FLOW,ASK
22.216568251312687,100.2,2,ORD-3218,ORD-3192,FUND_ADAPT,FLOW,ASK
22.216568251312687,100.2,2,ORD-3218,ORD-3208,FUND_ADAPT,FLOW,ASK
22.225708218569515,100.2,4,ORD-3221,ORD-3208,FUND_ADAPT,FLOW,ASK
22.458887775319116,100.21,1,ORD-3236,ORD-3235,FLOW,MM,BID
22.534122421905213,100.19,1,ORD-3254,ORD-3189,INFORMED,FLOW,ASK
22.534122421905213,100.19,1,ORD-3254,ORD-3233,INFORMED,FLOW,ASK
22.584122421905214,100.19,4,ORD-3259,ORD-3233,FUND_ADAPT,FLOW,ASK
22.60751107585053,100.21,3,ORD-3262,ORD-3261,FLOW,MM,BID
22.68089204315905,100.2,3,ORD-3270,ORD-3268,FUND_ADAPT,MM,ASK
22.719420224338712,100.19,2,ORD-3274,ORD-3242,FLOW,FLOW,ASK
22.75656106923493,100.21,2,ORD-3277,ORD-3276,FLOW,MM,BID
22.75656106923493,100.2,3,ORD-3280,ORD-3278,FUND_ADAPT,MM,ASK
22.756742612078,100.22,1,ORD-3281,ORD-3212,FLOW,FLOW,BID
22.756742612078,100.22,1,ORD-3281,ORD-3239,FLOW,FLOW,BID
22.756742612078,100.22,2,ORD-3281,ORD-3279,FLOW,MM,BID
22.795755361285725,100.2,4,ORD-3287,ORD-3284,FUND_ADAPT,FLOW,ASK
22.795755361285725,100.2,3,ORD-3287,ORD-3285,FUND_ADAPT,MM,ASK
22.94219432395539,100.21,1,ORD-3295,ORD-3294,FLOW,MM,BID
22.94219432395539,100.2,3,ORD-3298,ORD-3296,FUND_ADAPT,MM,ASK
22.99974170690429,100.19,3,ORD-3299,ORD-3242,INFORMED,FLOW,ASK
22.99974170690429,100.19,2,ORD-3299,ORD-3248,INFORMED,FLOW,ASK
23.01013823005021,100.18,1,ORD-3302,ORD-3137,INFORMED,FLOW,ASK
23.01013823005021,100.18,1,ORD-3302,ORD-3146,INFORMED,FLOW,ASK
23.040067089701594,100.21,2,ORD-3305,ORD-3304,FLOW,MM,BID
23.06013823005021,100.19,3,ORD-3314,ORD-3312,FUND_ADAPT,MM,ASK
23.077723451250538,100.18,2,ORD-3315,ORD-3146,FLOW,FLOW,ASK
23.140924866571588,100.19,3,ORD-3325,ORD-3324,FUND_ADAPT,MM,BID
23.157336183334145,100.2,3,ORD-3331,ORD-3330,FUND_ADAPT,MM,BID
23.164978315386733,100.2,3,ORD-3334,ORD-3333,FUND_ADAPT,MM,BID
23.21225398243263,100.2,2,ORD-3338,ORD-3335,INFORMED,FLOW,ASK
23.23725798014902,100.19,3,ORD-3344,ORD-3342,INFORMED,MM,ASK
23.23725798014902,100.18,2,ORD-3344,ORD-3149,INFORMED,FLOW,ASK
23.23725798014902,100.18,2,ORD-3344,ORD-3195,INFORMED,FLOW,ASK
23.23725798014902,100.2,3,ORD-3347,ORD-3346,FUND_ADAPT,MM,BID
23.25923117557053,100.19,3,ORD-3351,ORD-3349,FLOW,MM,ASK
23.25923117557053,100.18,1,ORD-3351,ORD-3195,FLOW,FLOW,ASK
23.25923117557053,100.2,3,ORD-3354,ORD-3348,FUND_ADAPT,FLOW,BID
23.25923117557053,100.2,1,ORD-3354,ORD-3353,FUND_ADAPT,MM,BID
23.27047715252981,100.19,3,ORD-3357,ORD-3355,INFORMED,MM,ASK
23.27047715252981,100.18,3,ORD-3357,ORD-3204,INFORMED,FLOW,ASK
23.27047715252981,100.18,1,ORD-3357,ORD-3271,INFORMED,FLOW,ASK
23.27060253987858,100.18,2,ORD-3360,ORD-3271,FLOW,FLOW,ASK
23.272847437398326,100.2,1,ORD-3363,ORD-3362,FLOW,MM,BID
23.403738137198093,100.18,2,ORD-3385,ORD-3271,INFORMED,FLOW,ASK
23.403738137198093,100.18,1,ORD-3388,ORD-3271,FUND_ADAPT,FLOW,ASK
23.403738137198093,100.18,2,ORD-3388,ORD-3368,FUND_ADAPT,FLOW,ASK
23.403738137198093,100.18,1,ORD-3388,ORD-3373,FUND_ADAPT,FLOW,ASK
23.415794490663043,100.18,2,ORD-3392,ORD-3373,FUND_ADAPT,FLOW,ASK
23.415794490663043,100.18,2,ORD-3392,ORD-3390,FUND_ADAPT,MM,ASK
23.422392971022575,100.2,3,ORD-3393,ORD-3391,FLOW,MM,BID
23.422392971022575,100.21,1,ORD-3393,ORD-3318,FLOW,FLOW,BID
23.422392971022575,100.18,3,ORD-3396,ORD-3394,FUND_ADAPT,MM,ASK
23.453738137198094,100.17,5,ORD-3403,ORD-3227,FUND_ADAPT,FLOW,ASK
23.453738137198094,100.17,3,ORD-3403,ORD-3245,FUND_ADAPT,FLOW,ASK
23.494650849150297,100.17,1,ORD-3408,ORD-3245,FLOW,FLOW,ASK
23.568662811537155,100.17,2,ORD-3413,ORD-3245,FLOW,FLOW,ASK
23.568662811537155,100.17,3,ORD-3416,ORD-3414,FUND_ADAPT,MM,ASK
23.66969866094084,100.16,4,ORD-3426,ORD-3134,FLOW,FLOW,ASK
23.690358322443547,100.16,2,ORD-3432,ORD-3134,INFORMED,FLOW,ASK
23.690358322443547,100.16,2,ORD-3432,ORD-3251,INFORMED,FLOW,ASK
23.690358322443547,100.16,1,ORD-3432,ORD-3290,INFORMED,FLOW,ASK
23.690358322443547,100.17,3,ORD-3435,ORD-3434,FUND_ADAPT,MM,BID
23.721625072383862,100.17,3,ORD-3442,ORD-3441,FUND_ADAPT,MM,BID
23.740358322443548,100.16,3,ORD-3445,ORD-3443,FUND_ADAPT,MM,ASK
23.82958994076984,100.16,3,ORD-3452,ORD-3446,INFORMED,FLOW,ASK
23.82958994076984,100.15,4,ORD-3452,ORD-3143,INFORMED,FLOW,ASK
23.905980118268968,100.15,2,ORD-3461,ORD-3143,INFORMED,FLOW,ASK
23.905980118268968,100.15,5,ORD-3461,ORD-3182,INFORMED,FLOW,ASK
23.95598011826897,100.15,1,ORD-3466,ORD-3182,FUND_ADAPT,FLOW,ASK
23.95598011826897,100.15,3,ORD-3466,ORD-3186,FUND_ADAPT,FLOW,ASK
23.98714748617594,100.15,3,ORD-3471,ORD-3186,FUND_ADAPT,FLOW,ASK
23.98714748617594,100.15,1,ORD-3471,ORD-3469,FUND_ADAPT,MM,ASK
23.992370336564758,100.14,1,ORD-3475,ORD-3429,FUND_ADAPT,FLOW,ASK
23.992370336564758,100.14,3,ORD-3475,ORD-3473,FUND_ADAPT,MM,ASK
24.04311973653115,100.14,3,ORD-3481,ORD-3480,FUND_ADAPT,MM,BID
24.06104371407065,100.14,3,ORD-3491,ORD-3490,FUND_ADAPT,MM,BID
24.095488491567636,100.14,3,ORD-3498,ORD-3497,FUND_ADAPT,MM,BID
24.116124256084298,100.13,2,ORD-3502,ORD-3500,FLOW,MM,ASK
24.119021340744382,100.14,3,ORD-3505,ORD-3504,FLOW,MM,BID
24.124418373539392,100.14,1,ORD-3511,ORD-3505,FLOW,FLOW,ASK
24.231324124987466,100.15,1,ORD-3517,ORD-3488,FLOW,FLOW,BID
24.32569694073922,100.15,2,ORD-3525,ORD-3488,FLOW,FLOW,BID
24.456569282314714,100.14,1,ORD-3540,ORD-3505,FLOW,FLOW,ASK
24.476916174869306,100.15,1,ORD-3543,ORD-3488,FLOW,FLOW,BID
24.48173020513746,100.15,1,ORD-3546,ORD-3488,FLOW,FLOW,BID
24.48173020513746,100.16,2,ORD-3546,ORD-3492,FLOW,FLOW,BID
24.48173020513746,100.16,1,ORD-3546,ORD-3514,FLOW,FLOW,BID
24.49519815179747,100.15,3,ORD-3553,ORD-3551,FUND_ADAPT,MM,ASK
24.529318280062604,100.16,1,ORD-3554,ORD-3514,FLOW,FLOW,BID
24.563258555115628,100.16,1,ORD-3560,ORD-3554,FUND_ADAPT,FLOW,ASK
24.601896757353796,100.14,1,ORD-3563,ORD-3505,FUND_ADAPT,FLOW,ASK
24.601896757353796,100.14,2,ORD-3563,ORD-3508,FUND_ADAPT,FLOW,ASK
24.601896757353796,100.14,5,ORD-3563,ORD-3534,FUND_ADAPT,FLOW,ASK
24.602926728532896,100.14,3,ORD-3567,ORD-3565,FUND_ADAPT,MM,ASK
24.622628470585568,100.13,2,ORD-3568,ORD-3537,FLOW,FLOW,ASK
24.622628470585568,100.13,1,ORD-3571,ORD-3537,FUND_ADAPT,FLOW,ASK
24.622628470585568,100.13,3,ORD-3571,ORD-3569,FUND_ADAPT,MM,ASK
24.66777918642404,100.12,5,ORD-3576,ORD-3472,INFORMED,FLOW,ASK
24.684305267835505,100.12,4,ORD-3579,ORD-3528,INFORMED,FLOW,ASK
24.684305267835505,100.12,1,ORD-3579,ORD-3557,INFORMED,FLOW,ASK
24.684305267835505,100.14,3,ORD-3582,ORD-3581,FUND_ADAPT,MM,BID
24.75615304863247,100.13,3,ORD-3596,ORD-3594,FUND_ADAPT,MM,ASK
24.778588707833052,100.14,3,ORD-3602,ORD-3601,FLOW,MM,BID
24.778588707833052,100.17,1,ORD-3602,ORD-3478,FLOW,FLOW,BID
24.778588707833052,100.13,3,ORD-3605,ORD-3603,FUND_ADAPT,MM,ASK
24.779182277914085,100.15,3,ORD-3606,ORD-3604,FLOW,MM,BID
24.779182277914085,100.17,1,ORD-3606,ORD-3478,FLOW,FLOW,BID
24.810743420883668,100.13,3,ORD-3612,ORD-3610,FLOW,MM,ASK
24.87563787601188,100.12,4,ORD-3620,ORD-3557,FLOW,FLOW,ASK
24.911200342651412,100.12,3,ORD-3626,ORD-3625,FUND_ADAPT,MM,BID
25.011132161528014,100.12,3,ORD-3635,ORD-3634,FUND_ADAPT,MM,BID
25.020330417688537,100.12,3,ORD-3642,ORD-3641,FUND_ADAPT,MM,BID
25.028109909976713,100.11,3,ORD-3645,ORD-3643,FLOW,MM,ASK
25.071239516901816,100.11,3,ORD-3652,ORD-3650,INFORMED,MM,ASK
25.071239516901816,100.1,1,ORD-3652,ORD-3482,INFORMED,FLOW,ASK
25.112195415347,100.1,5,ORD-3655,ORD-3482,INFORMED,FLOW,ASK
25.112195415347,100.1,1,ORD-3655,ORD-3485,INFORMED,FLOW,ASK
25.112195415347,100.1,1,ORD-3655,ORD-3495,INFORMED,FLOW,ASK
25.11380366820175,100.12,3,ORD-3661,ORD-3660,FUND_ADAPT,MM,BID
25.162195415347,100.12,3,ORD-3669,ORD-3668,FUND_ADAPT,MM,BID
25.35678163512219,100.13,2,ORD-3692,ORD-3658,FLOW,FLOW,BID
25.36649980604486,100.13,2,ORD-3695,ORD-3658,FLOW,FLOW,BID
25.371238312999328,100.12,5,ORD-3698,ORD-3681,INFORMED,FLOW,ASK
25.371238312999328,100.12,1,ORD-3698,ORD-3687,INFORMED,FLOW,ASK
25.371238312999328,100.12,1,ORD-3698,ORD-3696,INFORMED,MM,ASK
25.371238312999328,100.13,2,ORD-3701,ORD-3658,FUND_ADAPT,FLOW,BID
25.371238312999328,100.13,2,ORD-3701,ORD-3700,FUND_ADAPT,MM,BID
25.380873355337073,100.14,4,ORD-3705,ORD-3629,FUND_ADAPT,FLOW,BID
25.446891234695308,100.14,3,ORD-3716,ORD-3673,FLOW,FLOW,BID
25.446891234695308,100.14,1,ORD-3716,ORD-3706,FLOW,FLOW,BID
25.47798851439506,100.12,2,ORD-3722,ORD-3720,INFORMED,MM,ASK
25.531040787093904,100.12,3,ORD-3733,ORD-3731,FLOW,MM,ASK
25.567038237352364,100.11,3,ORD-3743,ORD-3678,FUND_ADAPT,FLOW,ASK
25.567038237352364,100.11,1,ORD-3743,ORD-3719,FUND_ADAPT,FLOW,ASK
25.575546678675344,100.11,4,ORD-3744,ORD-3719,INFORMED,FLOW,ASK
25.58466922001122,100.11,1,ORD-3753,ORD-3719,FUND_ADAPT,FLOW,ASK
25.58466922001122,100.11,3,ORD-3753,ORD-3750,FUND_ADAPT,FLOW,ASK
25.597703107694063,100.13,3,ORD-3759,ORD-3758,FLOW,MM,BID
25.597703107694063,100.11,3,ORD-3762,ORD-3760,FUND_ADAPT,MM,ASK
25.625546678675345,100.11,3,ORD-3768,ORD-3766,FUND_ADAPT,MM,ASK
25.64879061116696,100.1,4,ORD-3772,ORD-3495,FUND_ADAPT,FLOW,ASK
25.65633888332756,100.1,1,ORD-3773,ORD-3499,FLOW,FLOW,ASK
25.65633888332756,100.1,1,ORD-3773,ORD-3520,FLOW,FLOW,ASK
25.69428190521191,100.1,1,ORD-3781,ORD-3520,FUND_ADAPT,FLOW,ASK
25.69428190521191,100.1,3,ORD-3781,ORD-3585,FUND_ADAPT,FLOW,ASK
25.751754108886797,100.1,3,ORD-3784,ORD-3585,FUND_ADAPT,FLOW,ASK
25.751754108886797,100.1,1,ORD-3784,ORD-3597,FUND_ADAPT,FLOW,ASK
25.793862624163395,100.1,3,ORD-3788,ORD-3597,FUND_ADAPT,FLOW,ASK
25.793862624163395,100.1,1,ORD-3788,ORD-3684,FUND_ADAPT,FLOW,ASK
25.812612020835452,100.1,3,ORD-3794,ORD-3763,FUND_ADAPT,FLOW,ASK
25.812612020835452,100.1,1,ORD-3794,ORD-3769,FUND_ADAPT,FLOW,ASK
25.819748688170034,100.1,4,ORD-3798,ORD-3769,FUND_ADAPT,FLOW,ASK
25.847844785592464,100.12,3,ORD-3799,ORD-3797,FLOW,MM,BID
25.847844785592464,100.11,3,ORD-3802,ORD-3800,FUND_ADAPT,MM,ASK
25.9072289423561,100.1,2,ORD-3809,ORD-3789,FLOW,FLOW,ASK
25.955608425319294,100.1,1,ORD-3815,ORD-3789,FLOW,FLOW,ASK
25.982168023910564,100.1,1,ORD-3818,ORD-3789,FLOW,FLOW,ASK
25.982168023910564,100.09,1,ORD-3818,ORD-3615,FLOW,FLOW,ASK
25.989067527267462,100.09,2,ORD-3821,ORD-3615,FLOW,FLOW,ASK
26.032626121521755,100.11,3,ORD-3830,ORD-3829,FLOW,MM,BID
26.059796512039895,100.09,1,ORD-3841,ORD-3615,FLOW,FLOW,ASK
26.063010228580172,100.09,2,ORD-3844,ORD-3615,FLOW,FLOW,ASK
26.084460653220347,100.09,2,ORD-3850,ORD-3747,INFORMED,FLOW,ASK
26.084460653220347,100.09,2,ORD-3850,ORD-3756,INFORMED,FLOW,ASK
26.095287779746698,100.11,3,ORD-3853,ORD-3852,FLOW,MM,BID
26.095287779746698,100.12,1,ORD-3853,ORD-3803,FLOW,FLOW,BID
26.095287779746698,100.1,3,ORD-3856,ORD-3854,FUND_ADAPT,MM,ASK
26.124640653787612,100.11,1,ORD-3862,ORD-3861,FLOW,MM,BID
26.124640653787612,100.1,3,ORD-3865,ORD-3863,FUND_ADAPT,MM,ASK
26.138072006015417,100.09,2,ORD-3868,ORD-3756,FLOW,FLOW,ASK
26.235657805883605,100.09,2,ORD-3879,ORD-3756,INFORMED,FLOW,ASK
26.235657805883605,100.09,2,ORD-3879,ORD-3871,INFORMED,FLOW,ASK
26.35182114553994,100.09,3,ORD-3896,ORD-3871,INFORMED,FLOW,ASK
26.35182114553994,100.09,1,ORD-3896,ORD-3889,INFORMED,FLOW,ASK
26.35515610672427,100.09,1,ORD-3899,ORD-3889,FLOW,FLOW,ASK
26.40182114553994,100.09,2,ORD-3907,ORD-3889,FUND_ADAPT,FLOW,ASK
26.40182114553994,100.09,2,ORD-3907,ORD-3905,FUND_ADAPT,MM,ASK
26.46946179732874,100.1,2,ORD-3912,ORD-3911,FLOW,MM,BID
26.46946179732874,100.08,2,ORD-3915,ORD-3639,FUND_ADAPT,FLOW,ASK
26.46946179732874,100.08,3,ORD-3915,ORD-3670,FUND_ADAPT,FLOW,ASK
26.46946179732874,100.08,3,ORD-3915,ORD-3874,FUND_ADAPT,FLOW,ASK
26.476337680074586,100.08,1,ORD-3919,ORD-3874,FUND_ADAPT,FLOW,ASK
26.476337680074586,100.08,2,ORD-3919,ORD-3886,FUND_ADAPT,FLOW,ASK
26.476337680074586,100.08,4,ORD-3919,ORD-3902,FUND_ADAPT,FLOW,ASK
26.476337680074586,100.08,1,ORD-3919,ORD-3917,FUND_ADAPT,MM,ASK
26.47936346713989,100.1,3,ORD-3920,ORD-3918,FLOW,MM,BID
26.47936346713989,100.12,1,ORD-3920,ORD-3803,FLOW,FLOW,BID
26.520443059840115,100.08,3,ORD-3925,ORD-3923,FUND_ADAPT,MM,ASK
26.524926624434936,100.07,3,ORD-3929,ORD-3927,FUND_ADAPT,MM,ASK
26.555609163484103,100.07,3,ORD-3933,ORD-3931,FUND_ADAPT,MM,ASK
26.558512028541436,100.06,5,ORD-3934,ORD-3827,INFORMED,FLOW,ASK
26.591341564324654,100.08,2,ORD-3940,ORD-3939,FLOW,MM,BID
26.62912905871377,100.08,3,ORD-3945,ORD-3944,FLOW,MM,BID
26.637176337760177,100.08,2,ORD-3951,ORD-3945,FUND_ADAPT,FLOW,ASK
26.67929841201676,100.07,3,ORD-3963,ORD-3962,FLOW,MM,BID
26.69994090804534,100.06,1,ORD-3968,ORD-3827,FLOW,FLOW,ASK
26.69994090804534,100.06,1,ORD-3968,ORD-3847,FLOW,FLOW,ASK
26.69994090804534,100.06,2,ORD-3971,ORD-3847,FUND_ADAPT,FLOW,ASK
26.69994090804534,100.06,2,ORD-3971,ORD-3969,FUND_ADAPT,MM,ASK
26.78883293128958,100.05,4,ORD-3983,ORD-3937,FLOW,FLOW,ASK
26.78883293128958,100.05,1,ORD-3986,ORD-3937,FUND_ADAPT,FLOW,ASK
26.78883293128958,100.05,3,ORD-3986,ORD-3984,FUND_ADAPT,MM,ASK
26.867138282770522,100.04,2,ORD-3990,ORD-3960,FLOW,FLOW,ASK
26.91043945040527,100.04,3,ORD-3997,ORD-3960,FUND_ADAPT,FLOW,ASK
26.91043945040527,100.04,1,ORD-3997,ORD-3995,FUND_ADAPT,MM,ASK
26.974468716982688,100.03,1,ORD-4003,ORD-3978,FLOW,FLOW,ASK
26.974468716982688,100.02,2,ORD-4003,ORD-3987,FLOW,FLOW,ASK
27.010134261563525,100.02,2,ORD-4006,ORD-3987,INFORMED,FLOW,ASK
27.010134261563525,100.03,3,ORD-4009,ORD-4008,FUND_ADAPT,MM,BID
27.01213545659052,100.04,3,ORD-4013,ORD-4012,FUND_ADAPT,MM,BID
27.021193820215036,100.02,2,ORD-4016,ORD-3987,FLOW,FLOW,ASK
27.021193820215036,100.02,2,ORD-4016,ORD-4010,FLOW,FLOW,ASK
27.060134261563526,100.02,1,ORD-4036,ORD-4010,FUND_ADAPT,FLOW,ASK
27.060134261563526,100.02,3,ORD-4036,ORD-4034,FUND_ADAPT,MM,ASK
27.111949346692423,100.02,3,ORD-4040,ORD-4039,FUND_ADAPT,MM,BID
27.16255010132262,100.0,2,ORD-4043,ORD-4041,FLOW,MM,ASK
27.184214117632152,100.02,3,ORD-4049,ORD-4048,FUND_ADAPT,MM,BID
27.217993263123628,100.02,2,ORD-4060,ORD-4059,FLOW,MM,BID
27.231781063116152,100.02,3,ORD-4070,ORD-4068,FUND_ADAPT,MM,ASK
27.250526428424894,100.01,1,ORD-4074,ORD-4067,FLOW,FLOW,ASK
27.250526428424894,100.01,2,ORD-4074,ORD-4072,FLOW,MM,ASK
27.29531874992238,100.0,5,ORD-4080,ORD-4071,FLOW,FLOW,ASK
27.29531874992238,100.01,3,ORD-4083,ORD-4082,FUND_ADAPT,MM,BID
27.301402351815867,100.0,1,ORD-4084,ORD-4071,FLOW,FLOW,ASK
27.301402351815867,99.99,1,ORD-4084,ORD-4019,FLOW,FLOW,ASK
27.301402351815867,99.99,1,ORD-4084,ORD-4081,FLOW,MM,ASK
27.301402351815867,100.01,3,ORD-4087,ORD-4086,FUND_ADAPT,MM,BID
27.338074407437624,100.01,3,ORD-4090,ORD-4089,FUND_ADAPT,MM,BID
27.364218483079068,100.02,3,ORD-4091,ORD-4077,FLOW,FLOW,BID
27.364218483079068,100.03,3,ORD-4094,ORD-4092,FUND_ADAPT,MM,ASK
27.40152968434293,100.04,3,ORD-4095,ORD-4031,FLOW,FLOW,BID
27.40152968434293,100.04,1,ORD-4095,ORD-4055,FLOW,FLOW,BID
27.49197362024533,100.02,2,ORD-4100,ORD-4091,FUND_ADAPT,FLOW,ASK
27.49197362024533,100.02,2,ORD-4100,ORD-4098,FUND_ADAPT,MM,ASK
27.507081644133514,100.04,4,ORD-4101,ORD-4055,FLOW,FLOW,BID
27.507081644133514,100.02,3,ORD-4104,ORD-4103,FUND_ADAPT,MM,BID
27.620814346780286,100.01,3,ORD-4116,ORD-4114,FLOW,MM,ASK
27.620814346780286,100.0,1,ORD-4116,ORD-4105,FLOW,FLOW,ASK
27.644712567876113,100.01,2,ORD-4125,ORD-4123,FLOW,MM,ASK
27.70180953072979,100.02,3,ORD-4131,ORD-4130,FUND_ADAPT,MM,BID
27.785968864382554,100.03,3,ORD-4137,ORD-4136,FLOW,MM,BID
27.785968864382554,100.03,2,ORD-4140,ORD-4137,FUND_ADAPT,FLOW,ASK
27.785968864382554,100.03,2,ORD-4140,ORD-4138,FUND_ADAPT,MM,ASK
27.880858542923033,100.02,4,ORD-4144,ORD-4141,FUND_ADAPT,FLOW,ASK
28.05460550332954,100.03,3,ORD-4157,ORD-4154,FLOW,FLOW,BID
28.092838080877012,100.03,1,ORD-4165,ORD-4154,FLOW,FLOW,BID
28.092838080877012,100.03,3,ORD-4165,ORD-4164,FLOW,MM,BID
28.092838080877012,100.02,3,ORD-4168,ORD-4166,FUND_ADAPT,MM,ASK
28.160325105917583,100.02,3,ORD-4176,ORD-4174,FUND_ADAPT,MM,ASK
28.296342076033593,100.0,1,ORD-4186,ORD-4105,INFORMED,FLOW,ASK
28.296342076033593,100.0,3,ORD-4186,ORD-4110,INFORMED,FLOW,ASK
28.296342076033593,100.02,3,ORD-4189,ORD-4183,FUND_ADAPT,FLOW,BID
28.296342076033593,100.02,1,ORD-4189,ORD-4188,FUND_ADAPT,MM,BID
28.323006928694944,100.02,2,ORD-4190,ORD-4188,FLOW,MM,BID
28.323006928694944,100.03,2,ORD-4190,ORD-4180,FLOW,FLOW,BID
28.34028563208303,100.02,3,ORD-4196,ORD-4194,FUND_ADAPT,MM,ASK
28.348305443536294,100.03,1,ORD-4199,ORD-4198,FLOW,MM,BID
28.348305443536294,100.01,3,ORD-4202,ORD-4200,FUND_ADAPT,MM,ASK
28.370153535314643,100.01,3,ORD-4206,ORD-4204,FUND_ADAPT,MM,ASK
28.385777745357565,100.0,1,ORD-4207,ORD-4110,FLOW,FLOW,ASK
28.385777745357565,100.0,1,ORD-4207,ORD-4113,FLOW,FLOW,ASK
28.490585189833247,100.0,2,ORD-4210,ORD-4113,INFORMED,FLOW,ASK
28.490585189833247,100.0,2,ORD-4210,ORD-4208,INFORMED,MM,ASK
28.490585189833247,100.01,3,ORD-4213,ORD-4212,FUND_ADAPT,MM,BID
28.558777660843422,100.0,3,ORD-4222,ORD-4221,FLOW,MM,BID
28.558777660843422,100.02,1,ORD-4222,ORD-4217,FLOW,FLOW,BID
28.609361531870665,100.01,1,ORD-4228,ORD-4227,FLOW,MM,BID
28.678815728137348,99.99,4,ORD-4237,ORD-4122,FLOW,FLOW,ASK
28.733674574322613,99.99,1,ORD-4240,ORD-4122,FLOW,FLOW,ASK
28.733674574322613,99.99,2,ORD-4240,ORD-4128,FLOW,FLOW,ASK
28.846308691469005,100.01,4,ORD-4260,ORD-4231,FLOW,FLOW,BID
28.96267695786918,99.99,1,ORD-4272,ORD-4128,INFORMED,FLOW,ASK
28.96267695786918,99.99,1,ORD-4272,ORD-4147,INFORMED,FLOW,ASK
28.985709743174944,99.99,2,ORD-4278,ORD-4162,INFORMED,FLOW,ASK
29.00782152683038,100.01,2,ORD-4281,ORD-4231,FLOW,FLOW,BID
29.00782152683038,100.01,1,ORD-4281,ORD-4234,FLOW,FLOW,BID
29.027664265461823,99.99,2,ORD-4289,ORD-4162,FUND_ADAPT,FLOW,ASK
29.027664265461823,99.99,2,ORD-4289,ORD-4263,FUND_ADAPT,FLOW,ASK
29.078521453714067,99.98,2,ORD-4295,ORD-4177,FUND_ADAPT,FLOW,ASK
29.078521453714067,99.98,2,ORD-4295,ORD-4203,FUND_ADAPT,FLOW,ASK
29.087942455591847,99.98,2,ORD-4299,ORD-4203,FUND_ADAPT,FLOW,ASK
29.087942455591847,99.98,2,ORD-4299,ORD-4243,FUND_ADAPT,FLOW,ASK
29.13940741043834,100.0,3,ORD-4306,ORD-4292,FLOW,FLOW,BID
29.13940741043834,100.0,1,ORD-4306,ORD-4305,FLOW,MM,BID
29.13940741043834,99.98,4,ORD-4309,ORD-4243,FUND_ADAPT,FLOW,ASK
29.16912497789022,99.98,2,ORD-4310,ORD-4252,FLOW,FLOW,ASK
29.16912497789022,99.98,2,ORD-4310,ORD-4255,FLOW,FLOW,ASK
29.16912497789022,99.98,4,ORD-4313,ORD-4255,FUND_ADAPT,FLOW,ASK
29.230689451650992,100.0,1,ORD-4314,ORD-4312,FLOW,MM,BID
29.29134710425224,99.98,2,ORD-4322,ORD-4269,FLOW,FLOW,ASK
29.309800493848726,100.0,3,ORD-4325,ORD-4324,FLOW,MM,BID
29.333281759084258,100.0,2,ORD-4328,ORD-4325,FLOW,FLOW,ASK
29.333281759084258,100.0,1,ORD-4328,ORD-4326,FLOW,MM,ASK
29.346417249227613,99.99,3,ORD-4331,ORD-4329,INFORMED,MM,ASK
29.346417249227613,99.98,4,ORD-4331,ORD-4269,INFORMED,FLOW,ASK
29.35906271409269,99.98,3,ORD-4334,ORD-4332,INFORMED,MM,ASK
29.35906271409269,99.97,4,ORD-4334,ORD-4286,INFORMED,FLOW,ASK
29.385228409018755,99.99,2,ORD-4339,ORD-4338,FLOW,MM,BID
29.397393578901337,99.97,3,ORD-4344,ORD-4342,FLOW,MM,ASK
29.397393578901337,99.96,1,ORD-4344,ORD-4225,FLOW,FLOW,ASK
29.399175790418674,99.96,4,ORD-4349,ORD-4275,FUND_ADAPT,FLOW,ASK
29.40906271409269,99.96,1,ORD-4352,ORD-4275,FUND_ADAPT,FLOW,ASK
29.40906271409269,99.96,2,ORD-4352,ORD-4317,FUND_ADAPT,FLOW,ASK
29.40906271409269,99.96,1,ORD-4352,ORD-4350,FUND_ADAPT,MM,ASK
29.438165153533493,99.98,3,ORD-4353,ORD-4351,FLOW,MM,BID
29.438165153533493,99.98,1,ORD-4356,ORD-4353,FUND_ADAPT,FLOW,ASK
29.438165153533493,99.98,3,ORD-4356,ORD-4354,FUND_ADAPT,MM,ASK
29.496507288091394,99.94,3,ORD-4368,ORD-4367,FUND_ADAPT,MM,BID
29.51349215243821,99.94,2,ORD-4372,ORD-4369,FUND_ADAPT,FLOW,BID
29.513967367350247,99.95,3,ORD-4373,ORD-4371,FLOW,MM,BID
29.513967367350247,99.96,3,ORD-4376,ORD-4374,FUND_ADAPT,MM,ASK
29.533410564491778,99.95,2,ORD-4377,ORD-4373,INFORMED,FLOW,ASK
29.53759014030824,99.96,3,ORD-4383,ORD-4382,FUND_ADAPT,MM,BID
29.569634338590653,99.94,2,ORD-4384,ORD-4381,INFORMED,MM,ASK
29.59839136370629,99.95,3,ORD-4394,ORD-4392,FUND_ADAPT,MM,ASK
29.667475159696366,99.94,2,ORD-4397,ORD-4395,INFORMED,MM,ASK
29.717958260373802,99.93,3,ORD-4411,ORD-4410,FUND_ADAPT,MM,BID
29.764698111278474,99.96,3,ORD-4412,ORD-4408,FLOW,FLOW,BID
29.796857114702657,99.94,2,ORD-4415,ORD-4414,FLOW,MM,BID
29.820101697948825,99.92,2,ORD-4421,ORD-4419,FLOW,MM,ASK
29.840279381380938,99.94,2,ORD-4429,ORD-4428,FLOW,MM,BID
29.865900158454277,99.94,3,ORD-4432,ORD-4431,FLOW,MM,BID
29.865900158454277,99.96,1,ORD-4432,ORD-4408,FLOW,FLOW,BID
30.310297362966605,99.93,3,ORD-4466,ORD-4464,INFORMED,MM,ASK
30.310297362966605,99.92,1,ORD-4466,ORD-4453,INFORMED,FLOW,ASK
30.313704460628756,99.95,3,ORD-4469,ORD-4468,FLOW,MM,BID
30.446254889182374,99.93,3,ORD-4499,ORD-4490,FLOW,FLOW,ASK
30.545322928814347,99.93,2,ORD-4511,ORD-4490,FLOW,FLOW,ASK
30.545322928814347,99.93,1,ORD-4511,ORD-4509,FLOW,MM,ASK
30.606092245738793,99.92,1,ORD-4514,ORD-4453,FLOW,FLOW,ASK
30.606092245738793,99.92,3,ORD-4514,ORD-4487,FLOW,FLOW,ASK
30.69914019673998,99.92,3,ORD-4527,ORD-4487,FLOW,FLOW,ASK
30.894171284799725,99.92,2,ORD-4545,ORD-4539,FLOW,FLOW,ASK
30.928876902466346,99.94,3,ORD-4550,ORD-4549,FUND_ADAPT,MM,BID
30.937845925549286,99.92,3,ORD-4551,ORD-4539,INFORMED,FLOW,ASK
30.937845925549286,99.92,1,ORD-4551,ORD-4548,INFORMED,MM,ASK
30.96276694600162,99.94,1,ORD-4554,ORD-4553,FLOW,MM,BID
31.055807026054904,99.93,3,ORD-4564,ORD-4562,FLOW,MM,ASK
31.06673306342075,99.92,3,ORD-4570,ORD-4568,INFORMED,MM,ASK
31.06673306342075,99.91,1,ORD-4570,ORD-4400,INFORMED,FLOW,ASK
31.088877986568367,99.93,3,ORD-4575,ORD-4574,FLOW,MM,BID
31.10159352693762,99.92,2,ORD-4578,ORD-4576,INFORMED,MM,ASK
31.12540121592367,99.92,3,ORD-4583,ORD-4581,INFORMED,MM,ASK
31.12540121592367,99.91,2,ORD-4583,ORD-4400,INFORMED,FLOW,ASK
31.21115713408887,99.91,3,ORD-4607,ORD-4400,INFORMED,FLOW,ASK
31.21115713408887,99.91,1,ORD-4607,ORD-4440,INFORMED,FLOW,ASK
31.314976662009716,99.92,3,ORD-4620,ORD-4619,FLOW,MM,BID
31.314976662009716,99.91,2,ORD-4623,ORD-4447,FUND_ADAPT,FLOW,ASK
31.314976662009716,99.91,2,ORD-4623,ORD-4475,FUND_ADAPT,FLOW,ASK
31.342088022177087,99.91,1,ORD-4626,ORD-4475,FUND_ADAPT,FLOW,ASK
31.342088022177087,99.91,3,ORD-4626,ORD-4542,FUND_ADAPT,FLOW,ASK
31.38722076047374,99.93,3,ORD-4630,ORD-4610,FLOW,FLOW,BID
31.443264850529268,99.91,2,ORD-4636,ORD-4542,FUND_ADAPT,FLOW,ASK
31.443264850529268,99.91,2,ORD-4636,ORD-4595,FUND_ADAPT,FLOW,ASK
31.545794758695624,99.91,1,ORD-4643,ORD-4595,FUND_ADAPT,FLOW,ASK
31.545794758695624,99.91,1,ORD-4643,ORD-4640,FUND_ADAPT,FLOW,ASK
31.545794758695624,99.91,2,ORD-4643,ORD-4641,FUND_ADAPT,MM,ASK
31.708602217968913,99.92,1,ORD-4649,ORD-4648,FLOW,MM,BID
31.710717612107892,99.9,3,ORD-4652,ORD-4435,INFORMED,FLOW,ASK
31.710717612107892,99.9,1,ORD-4652,ORD-4450,INFORMED,FLOW,ASK
31.760717612107893,99.9,3,ORD-4660,ORD-4450,FUND_ADAPT,FLOW,ASK
31.760717612107893,99.9,1,ORD-4660,ORD-4484,FUND_ADAPT,FLOW,ASK
31.801754038678947,99.9,1,ORD-4664,ORD-4484,FUND_ADAPT,FLOW,ASK
31.801754038678947,99.9,3,ORD-4664,ORD-4536,FUND_ADAPT,FLOW,ASK
31.888306339922398,99.91,3,ORD-4678,ORD-4677,FLOW,MM,BID
31.97888554373825,99.92,3,ORD-4687,ORD-4667,FLOW,FLOW,BID
32.012482845802666,99.9,2,ORD-4694,ORD-4536,INFORMED,FLOW,ASK
32.012482845802666,99.9,2,ORD-4694,ORD-4567,INFORMED,FLOW,ASK
32.0163389892412,99.92,2,ORD-4697,ORD-4667,FLOW,FLOW,BID
32.0163389892412,99.92,2,ORD-4697,ORD-4684,FLOW,FLOW,BID
32.0163389892412,99.9,2,ORD-4700,ORD-4567,FUND_ADAPT,FLOW,ASK
32.0163389892412,99.9,2,ORD-4700,ORD-4601,FUND_ADAPT,FLOW,ASK
32.03101472006755,99.92,1,ORD-4701,ORD-4684,FLOW,FLOW,BID
32.03101472006755,99.9,1,ORD-4704,ORD-4601,FUND_ADAPT,FLOW,ASK
32.03101472006755,99.9,3,ORD-4704,ORD-4604,FUND_ADAPT,FLOW,ASK
32.06248284580266,99.9,3,ORD-4707,ORD-4604,FUND_ADAPT,FLOW,ASK
32.06248284580266,99.9,2,ORD-4707,ORD-4670,FUND_ADAPT,FLOW,ASK
32.06248284580266,99.9,3,ORD-4707,ORD-4705,FUND_ADAPT,MM,ASK
32.12243211938167,99.92,1,ORD-4708,ORD-4684,FLOW,FLOW,BID
32.12243211938167,99.92,1,ORD-4708,ORD-4706,FLOW,MM,BID
32.13146075012054,99.92,2,ORD-4711,ORD-4710,FLOW,MM,BID
32.13146075012054,99.9,3,ORD-4714,ORD-4712,FUND_ADAPT,MM,ASK
32.13538048078623,99.89,1,ORD-4718,ORD-4403,FUND_ADAPT,FLOW,ASK
32.13538048078623,99.89,1,ORD-4718,ORD-4418,FUND_ADAPT,FLOW,ASK
32.13538048078623,99.89,5,ORD-4718,ORD-4533,FUND_ADAPT,FLOW,ASK
32.13538048078623,99.89,1,ORD-4718,ORD-4716,FUND_ADAPT,MM,ASK
32.17775276155092,99.88,4,ORD-4725,ORD-4673,FUND_ADAPT,FLOW,ASK
32.21281424779559,99.9,2,ORD-4726,ORD-4724,FLOW,MM,BID
32.24916641399256,99.88,2,ORD-4732,ORD-4730,FLOW,MM,ASK
32.313294772817535,99.88,3,ORD-4738,ORD-4737,FLOW,MM,BID
32.326809326478326,99.87,4,ORD-4744,ORD-4722,FLOW,FLOW,ASK
32.403720147372134,99.87,1,ORD-4752,ORD-4722,INFORMED,FLOW,ASK
32.403720147372134,99.87,3,ORD-4752,ORD-4750,INFORMED,MM,ASK
32.403720147372134,99.86,1,ORD-4752,ORD-4715,INFORMED,FLOW,ASK
32.4314565370107,99.87,3,ORD-4758,ORD-4757,FUND_ADAPT,MM,BID
32.5373083418114,99.88,3,ORD-4766,ORD-4765,FLOW,MM,BID
32.587481948695334,99.87,3,ORD-4777,ORD-4775,FLOW,MM,ASK
32.587481948695334,99.86,1,ORD-4777,ORD-4771,FLOW,FLOW,ASK
32.61862021977146,99.88,3,ORD-4782,ORD-4781,FUND_ADAPT,MM,BID
32.63139040904372,99.89,1,ORD-4786,ORD-4735,FUND_ADAPT,FLOW,BID
32.63139040904372,99.89,3,ORD-4786,ORD-4774,FUND_ADAPT,FLOW,BID
32.706259627780845,99.89,3,ORD-4790,ORD-4774,FUND_ADAPT,FLOW,BID
32.706259627780845,99.89,1,ORD-4790,ORD-4789,FUND_ADAPT,MM,BID
32.71820736586261,99.87,2,ORD-4791,ORD-4788,FLOW,MM,ASK
32.74561414197196,99.89,3,ORD-4796,ORD-4795,FUND_ADAPT,MM,BID
32.974255420253066,99.88,3,ORD-4813,ORD-4811,FLOW,MM,ASK
33.06053475513016,99.89,3,ORD-4826,ORD-4825,FUND_ADAPT,MM,BID
33.1039545321532,99.9,1,ORD-4833,ORD-4755,FLOW,FLOW,BID
33.22446001801519,99.89,3,ORD-4847,ORD-4845,FUND_ADAPT,MM,ASK
33.240533623825684,99.88,2,ORD-4854,ORD-4839,FUND_ADAPT,FLOW,ASK
33.240533623825684,99.88,2,ORD-4854,ORD-4852,FUND_ADAPT,MM,ASK
33.37696579356176,99.86,1,ORD-4872,ORD-4771,FLOW,FLOW,ASK
33.38434332396985,99.88,3,ORD-4877,ORD-4876,FUND_ADAPT,MM,BID
33.386032070256555,99.89,2,ORD-4878,ORD-4867,FLOW,FLOW,BID
33.39418495004886,99.89,3,ORD-4885,ORD-4867,FUND_ADAPT,FLOW,BID
33.39418495004886,99.89,1,ORD-4885,ORD-4884,FUND_ADAPT,MM,BID
33.39611195628901,99.87,3,ORD-4886,ORD-4883,INFORMED,MM,ASK
33.39611195628901,99.86,1,ORD-4886,ORD-4783,INFORMED,FLOW,ASK
33.39611195628901,99.86,3,ORD-4886,ORD-4851,INFORMED,FLOW,ASK
33.45116652975632,99.86,3,ORD-4894,ORD-4892,FLOW,MM,ASK
33.53071514130868,99.86,1,ORD-4901,ORD-4894,FLOW,FLOW,BID
33.79888350554062,99.88,3,ORD-4916,ORD-4915,FLOW,MM,BID
33.83994137620153,99.88,3,ORD-4922,ORD-4921,FLOW,MM,BID
33.83994137620153,99.89,1,ORD-4922,ORD-4919,FLOW,FLOW,BID
33.87092584132542,99.88,1,ORD-4925,ORD-4923,FLOW,MM,ASK
33.87406249917455,99.89,2,ORD-4928,ORD-4927,FLOW,MM,BID
34.0098826846821,99.88,2,ORD-4951,ORD-4949,FLOW,MM,ASK
34.01892589186203,99.87,3,ORD-4957,ORD-4955,INFORMED,MM,ASK
34.01892589186203,99.86,2,ORD-4957,ORD-4913,INFORMED,FLOW,ASK
34.128713933250324,99.87,2,ORD-4971,ORD-4969,INFORMED,MM,ASK
34.17871393325032,99.86,4,ORD-4980,ORD-4913,FUND_ADAPT,FLOW,ASK
34.179040449760244,99.88,1,ORD-4981,ORD-4979,FLOW,MM,BID
34.20769805632178,99.87,3,ORD-4986,ORD-4984,FUND_ADAPT,MM,ASK
34.32333478157504,99.88,3,ORD-4990,ORD-4989,FLOW,MM,BID
34.451422787705184,99.87,3,ORD-5008,ORD-5006,FUND_ADAPT,MM,ASK
34.51361107996645,99.86,4,ORD-5015,ORD-4931,FUND_ADAPT,FLOW,ASK
34.51361107996645,99.86,2,ORD-5015,ORD-4945,FUND_ADAPT,FLOW,ASK
34.51361107996645,99.86,1,ORD-5015,ORD-4948,FUND_ADAPT,FLOW,ASK
34.51361107996645,99.86,1,ORD-5015,ORD-4954,FUND_ADAPT,FLOW,ASK
34.54792256169467,99.86,2,ORD-5016,ORD-4954,FLOW,FLOW,ASK
34.54792256169467,99.86,3,ORD-5019,ORD-4954,FUND_ADAPT,FLOW,ASK
34.54792256169467,99.86,1,ORD-5019,ORD-4960,FUND_ADAPT,FLOW,ASK
34.54792256169467,99.86,4,ORD-5019,ORD-4968,FUND_ADAPT,FLOW,ASK
34.58428507611889,99.86,1,ORD-5020,ORD-4968,FLOW,FLOW,ASK
34.58428507611889,99.86,2,ORD-5020,ORD-4999,FLOW,FLOW,ASK
34.60840417658624,99.86,3,ORD-5030,ORD-4999,FUND_ADAPT,FLOW,ASK
34.62459688066492,99.85,4,ORD-5033,ORD-4761,FLOW,FLOW,ASK
34.63568130776421,99.85,3,ORD-5036,ORD-4787,INFORMED,FLOW,ASK
34.63568130776421,99.85,4,ORD-5036,ORD-4864,INFORMED,FLOW,ASK
34.688845159762145,99.87,3,ORD-5049,ORD-5048,FLOW,MM,BID
34.69320262209784,99.86,3,ORD-5052,ORD-5050,FLOW,MM,ASK
34.69320262209784,99.85,4,ORD-5055,ORD-4934,FUND_ADAPT,FLOW,ASK
34.70659369484059,99.85,2,ORD-5059,ORD-4934,FUND_ADAPT,FLOW,ASK
34.88870220180713,99.84,4,ORD-5072,ORD-4797,FLOW,FLOW,ASK
34.96722698365573,99.84,1,ORD-5078,ORD-4987,FLOW,FLOW,ASK
35.06708719094518,99.85,1,ORD-5095,ORD-5094,FLOW,MM,BID
35.17792720475776,99.85,2,ORD-5106,ORD-5105,FLOW,MM,BID
35.22976998488776,99.84,4,ORD-5112,ORD-5084,FLOW,FLOW,ASK
35.31482412898407,99.83,3,ORD-5118,ORD-4910,FLOW,FLOW,ASK
35.39861014694508,99.83,3,ORD-5124,ORD-4910,FLOW,FLOW,ASK
35.41811389544791,99.83,2,ORD-5127,ORD-5041,INFORMED,FLOW,ASK
35.43137110556158,99.85,4,ORD-5130,ORD-5115,FLOW,FLOW,BID
35.46811389544791,99.83,3,ORD-5144,ORD-5041,FUND_ADAPT,FLOW,ASK
35.46811389544791,99.83,1,ORD-5144,ORD-5060,FUND_ADAPT,FLOW,ASK
35.47308032424231,99.85,1,ORD-5147,ORD-5146,FLOW,MM,BID
35.48839334060249,99.83,1,ORD-5153,ORD-5060,FLOW,FLOW,ASK
35.522414258052684,99.83,4,ORD-5159,ORD-5060,FUND_ADAPT,FLOW,ASK
35.6434732497594,99.82,4,ORD-5174,ORD-5044,FLOW,FLOW,ASK
35.6434732497594,99.82,1,ORD-5174,ORD-5136,FLOW,FLOW,ASK
35.7980460132954,99.82,1,ORD-5187,ORD-5136,FLOW,FLOW,ASK
35.7980460132954,99.82,4,ORD-5187,ORD-5150,FLOW,FLOW,ASK
35.87356698452151,99.82,2,ORD-5193,ORD-5150,INFORMED,FLOW,ASK
35.87356698452151,99.82,3,ORD-5193,ORD-5163,INFORMED,FLOW,ASK
35.910578417238455,99.84,1,ORD-5201,ORD-5200,FLOW,MM,BID
35.934663849736566,99.82,3,ORD-5211,ORD-5209,INFORMED,MM,ASK
35.934663849736566,99.81,4,ORD-5211,ORD-5133,INFORMED,FLOW,ASK
36.0175803760602,99.83,3,ORD-5224,ORD-5223,FLOW,MM,BID
36.0175803760602,99.84,1,ORD-5224,ORD-5219,FLOW,FLOW,BID
36.0175803760602,99.82,3,ORD-5227,ORD-5225,FUND_ADAPT,MM,ASK
36.071216966295225,99.83,3,ORD-5239,ORD-5238,FLOW,MM,BID
36.071216966295225,99.84,1,ORD-5239,ORD-5219,FLOW,FLOW,BID
36.071216966295225,99.82,3,ORD-5242,ORD-5240,FUND_ADAPT,MM,ASK
36.16040436137893,99.84,1,ORD-5243,ORD-5236,FLOW,FLOW,BID
36.18179242982159,99.83,3,ORD-5246,ORD-5245,FLOW,MM,BID
36.18179242982159,99.84,1,ORD-5246,ORD-5236,FLOW,FLOW,BID
36.18179242982159,99.82,3,ORD-5249,ORD-5247,FUND_ADAPT,MM,ASK
36.32581843425142,99.81,2,ORD-5266,ORD-5133,FLOW,FLOW,ASK
36.32581843425142,99.8,2,ORD-5266,ORD-5121,FLOW,FLOW,ASK
36.42152180853276,99.81,2,ORD-5274,ORD-5273,FLOW,MM,BID
36.52662380521137,99.82,3,ORD-5284,ORD-5250,FLOW,FLOW,BID
36.52662380521137,99.82,1,ORD-5284,ORD-5255,FLOW,FLOW,BID
36.84315767379169,99.8,3,ORD-5315,ORD-5121,INFORMED,FLOW,ASK
36.84315767379169,99.8,3,ORD-5315,ORD-5181,INFORMED,FLOW,ASK
36.84315767379169,99.8,1,ORD-5315,ORD-5261,INFORMED,FLOW,ASK
36.87470006611989,99.82,2,ORD-5318,ORD-5269,FLOW,FLOW,BID
36.896772419050386,99.82,2,ORD-5326,ORD-5269,FLOW,FLOW,BID
36.896772419050386,99.82,2,ORD-5326,ORD-5287,FLOW,FLOW,BID
37.038377716002586,99.8,5,ORD-5347,ORD-5261,INFORMED,FLOW,ASK
37.104425129115135,99.81,3,ORD-5357,ORD-5356,FLOW,MM,BID
37.104425129115135,99.82,1,ORD-5357,ORD-5287,FLOW,FLOW,BID
37.12918980176416,99.8,3,ORD-5363,ORD-5361,FUND_ADAPT,MM,ASK
37.255840335910406,99.81,3,ORD-5384,ORD-5383,FLOW,MM,BID
37.255840335910406,99.82,1,ORD-5384,ORD-5336,FLOW,FLOW,BID
37.25945563004783,99.8,3,ORD-5390,ORD-5388,FUND_ADAPT,MM,ASK
37.45499722348045,99.81,2,ORD-5405,ORD-5402,FLOW,FLOW,BID
37.55975685054012,99.79,1,ORD-5412,ORD-5184,FLOW,FLOW,ASK
37.61310776725991,99.81,1,ORD-5421,ORD-5402,FLOW,FLOW,BID
37.624732154276124,99.79,2,ORD-5424,ORD-5184,INFORMED,FLOW,ASK
37.624732154276124,99.79,2,ORD-5424,ORD-5418,INFORMED,FLOW,ASK
37.672650209716906,99.79,4,ORD-5437,ORD-5418,FLOW,FLOW,ASK
37.68470550556809,99.79,4,ORD-5445,ORD-5429,FUND_ADAPT,FLOW,ASK
37.713839805442134,99.79,2,ORD-5449,ORD-5429,INFORMED,FLOW,ASK
37.713839805442134,99.79,1,ORD-5449,ORD-5442,INFORMED,FLOW,ASK
37.713839805442134,99.79,1,ORD-5449,ORD-5446,INFORMED,FLOW,ASK
37.713839805442134,99.79,3,ORD-5449,ORD-5447,INFORMED,MM,ASK
37.75898886618473,99.8,1,ORD-5452,ORD-5451,FLOW,MM,BID
37.784658485561415,99.8,3,ORD-5457,ORD-5456,FLOW,MM,BID
37.784658485561415,99.8,3,ORD-5460,ORD-5457,FUND_ADAPT,FLOW,ASK
37.784658485561415,99.8,3,ORD-5460,ORD-5458,FUND_ADAPT,MM,ASK
37.79419651585297,99.78,2,ORD-5467,ORD-5231,FLOW,FLOW,ASK
37.817613741233195,99.79,1,ORD-5475,ORD-5461,FLOW,FLOW,BID
37.817613741233195,99.79,3,ORD-5475,ORD-5474,FLOW,MM,BID
37.86636871342012,99.81,1,ORD-5480,ORD-5479,FLOW,MM,BID
37.86636871342012,99.79,3,ORD-5483,ORD-5481,FUND_ADAPT,MM,ASK
37.88090946394843,99.79,3,ORD-5487,ORD-5485,FUND_ADAPT,MM,ASK
37.8815056848146,99.81,1,ORD-5488,ORD-5486,FLOW,MM,BID
37.884488489573656,99.8,1,ORD-5491,ORD-5490,FLOW,MM,BID
37.907471539643055,99.78,1,ORD-5497,ORD-5258,FLOW,FLOW,ASK
37.910551234004956,99.78,1,ORD-5503,ORD-5277,FLOW,FLOW,ASK
37.910551234004956,99.78,2,ORD-5503,ORD-5293,FLOW,FLOW,ASK
38.00121606105019,99.78,4,ORD-5514,ORD-5298,FLOW,FLOW,ASK
38.04075161953115,99.78,2,ORD-5520,ORD-5331,FLOW,FLOW,ASK
38.12309909855697,99.78,4,ORD-5528,ORD-5331,INFORMED,FLOW,ASK
38.12309909855697,99.78,3,ORD-5531,ORD-5339,FUND_ADAPT,FLOW,ASK
38.12309909855697,99.78,1,ORD-5531,ORD-5434,FUND_ADAPT,FLOW,ASK
38.12714522502679,99.79,3,ORD-5534,ORD-5533,FLOW,MM,BID
38.154212873876155,99.78,5,ORD-5545,ORD-5434,FUND_ADAPT,FLOW,ASK
38.154212873876155,99.78,3,ORD-5545,ORD-5484,FUND_ADAPT,FLOW,ASK
38.15551961280066,99.77,6,ORD-5549,ORD-5304,FUND_ADAPT,FLOW,ASK
38.15551961280066,99.77,2,ORD-5549,ORD-5369,FUND_ADAPT,FLOW,ASK
38.1731305673835,99.77,3,ORD-5555,ORD-5369,FLOW,FLOW,ASK
38.1731305673835,99.77,1,ORD-5558,ORD-5369,FUND_ADAPT,FLOW,ASK
38.1731305673835,99.77,6,ORD-5558,ORD-5381,FUND_ADAPT,FLOW,ASK
38.1731305673835,99.77,1,ORD-5558,ORD-5470,FUND_ADAPT,FLOW,ASK
38.1731305673835,99.77,2,ORD-5558,ORD-5500,FUND_ADAPT,FLOW,ASK
38.1731305673835,99.77,2,ORD-5558,ORD-5556,FUND_ADAPT,MM,ASK
38.18399093584016,99.77,3,ORD-5561,ORD-5559,FUND_ADAPT,MM,ASK
38.28282363733525,99.76,3,ORD-5566,ORD-5464,FUND_ADAPT,FLOW,ASK
38.28282363733525,99.76,2,ORD-5566,ORD-5550,FUND_ADAPT,FLOW,ASK
38.28282363733525,99.76,3,ORD-5566,ORD-5564,FUND_ADAPT,MM,ASK
38.320713631517506,99.75,4,ORD-5579,ORD-5539,FUND_ADAPT,FLOW,ASK
38.33038522983673,99.75,4,ORD-5583,ORD-5580,FUND_ADAPT,FLOW,ASK
38.38589589846879,99.77,2,ORD-5584,ORD-5582,FLOW,MM,BID
38.38589589846879,99.75,3,ORD-5587,ORD-5585,FUND_ADAPT,MM,ASK
38.46028176220152,99.74,3,ORD-5588,ORD-5511,FLOW,FLOW,ASK
38.46028176220152,99.74,3,ORD-5591,ORD-5589,FUND_ADAPT,MM,ASK
38.53319845500912,99.74,3,ORD-5611,ORD-5610,FLOW,MM,BID
38.53319845500912,99.76,1,ORD-5611,ORD-5594,FLOW,FLOW,BID
38.53762937234803,99.73,2,ORD-5614,ORD-5570,FLOW,FLOW,ASK
38.577838135964555,99.74,3,ORD-5623,ORD-5622,FLOW,MM,BID
38.577838135964555,99.76,1,ORD-5623,ORD-5594,FLOW,FLOW,BID
38.69063864570432,99.74,4,ORD-5634,ORD-5626,FUND_ADAPT,FLOW,BID
38.7053514066526,99.74,3,ORD-5643,ORD-5642,FUND_ADAPT,MM,BID
38.77037062702833,99.75,3,ORD-5651,ORD-5650,FUND_ADAPT,MM,BID
38.77076994454027,99.76,2,ORD-5652,ORD-5608,FLOW,FLOW,BID
38.77076994454027,99.76,1,ORD-5655,ORD-5617,FUND_ADAPT,FLOW,BID
38.77076994454027,99.76,1,ORD-5655,ORD-5620,FUND_ADAPT,FLOW,BID
38.77076994454027,99.76,2,ORD-5655,ORD-5654,FUND_ADAPT,MM,BID
38.775958810135506,99.74,3,ORD-5656,ORD-5653,FLOW,MM,ASK
38.867014924101674,99.76,3,ORD-5665,ORD-5664,FUND_ADAPT,MM,BID
38.88638300275643,99.74,3,ORD-5666,ORD-5663,FLOW,MM,ASK
38.88638300275643,99.73,1,ORD-5666,ORD-5570,FLOW,FLOW,ASK
38.88638300275643,99.76,3,ORD-5669,ORD-5668,FUND_ADAPT,MM,BID
38.90588496456186,99.75,3,ORD-5673,ORD-5671,INFORMED,MM,ASK
38.90588496456186,99.73,2,ORD-5673,ORD-5570,INFORMED,FLOW,ASK
38.90803725989591,99.76,3,ORD-5679,ORD-5678,FUND_ADAPT,MM,BID
38.91900010193512,99.74,3,ORD-5683,ORD-5681,INFORMED,MM,ASK
38.91900010193512,99.73,1,ORD-5683,ORD-5570,INFORMED,FLOW,ASK
38.91900010193512,99.73,3,ORD-5683,ORD-5576,INFORMED,FLOW,ASK
38.91900010193512,99.75,3,ORD-5686,ORD-5685,FUND_ADAPT,MM,BID
38.92513968435658,99.76,3,ORD-5690,ORD-5680,FUND_ADAPT,FLOW,BID
38.92513968435658,99.76,1,ORD-5690,ORD-5689,FUND_ADAPT,MM,BID
38.961690043559855,99.75,3,ORD-5693,ORD-5691,FLOW,MM,ASK
39.05504023483932,99.74,2,ORD-5703,ORD-5687,FUND_ADAPT,FLOW,ASK
39.05504023483932,99.74,2,ORD-5703,ORD-5701,FUND_ADAPT,MM,ASK
39.06441739875635,99.74,1,ORD-5704,ORD-5701,INFORMED,MM,ASK
39.06441739875635,99.73,2,ORD-5704,ORD-5576,INFORMED,FLOW,ASK
39.06441739875635,99.72,4,ORD-5704,ORD-5597,INFORMED,FLOW,ASK
39.078979185186355,99.74,1,ORD-5707,ORD-5706,FLOW,MM,BID
39.181713319716714,99.74,2,ORD-5719,ORD-5714,FLOW,FLOW,BID
39.21775009305329,99.72,2,ORD-5727,ORD-5597,INFORMED,FLOW,ASK
39.21775009305329,99.72,2,ORD-5727,ORD-5602,INFORMED,FLOW,ASK
39.35367198266153,99.74,1,ORD-5743,ORD-5714,FLOW,FLOW,BID
39.35367198266153,99.74,1,ORD-5743,ORD-5742,FLOW,MM,BID
39.36262493897236,99.74,3,ORD-5746,ORD-5745,FLOW,MM,BID
39.367674239550084,99.73,3,ORD-5751,ORD-5749,FUND_ADAPT,MM,ASK
39.387368327616706,99.72,2,ORD-5752,ORD-5605,FLOW,FLOW,ASK
39.39899950506001,99.74,3,ORD-5758,ORD-5757,FLOW,MM,BID
39.39899950506001,99.75,1,ORD-5758,ORD-5693,FLOW,FLOW,BID
39.493257196367054,99.75,1,ORD-5767,ORD-5693,FLOW,FLOW,BID
39.493257196367054,99.73,3,ORD-5770,ORD-5768,FUND_ADAPT,MM,ASK
39.8547282179779,99.74,2,ORD-5793,ORD-5788,FUND_ADAPT,FLOW,BID
39.8547282179779,99.74,2,ORD-5793,ORD-5792,FUND_ADAPT,MM,BID
39.87490387896913,99.75,1,ORD-5800,ORD-5693,FLOW,FLOW,BID
39.87490387896913,99.75,1,ORD-5800,ORD-5783,FLOW,FLOW,BID
39.928674991600786,99.75,1,ORD-5809,ORD-5783,FLOW,FLOW,BID
39.97183660766793,99.73,1,ORD-5817,ORD-5815,FLOW,MM,ASK
40.002195621454455,99.74,3,ORD-5823,ORD-5822,FLOW,MM,BID
40.0034224794546,99.74,1,ORD-5826,ORD-5823,INFORMED,FLOW,ASK
40.0034224794546,99.74,1,ORD-5826,ORD-5824,INFORMED,MM,ASK
40.04297572253226,99.75,1,ORD-5829,ORD-5783,FLOW,FLOW,BID
40.170665989305334,99.75,2,ORD-5845,ORD-5783,FLOW,FLOW,BID
40.19985998448147,99.73,1,ORD-5848,ORD-5842,INFORMED,FLOW,ASK
40.19985998448147,99.73,3,ORD-5848,ORD-5846,INFORMED,MM,ASK
40.19985998448147,99.72,1,ORD-5848,ORD-5605,INFORMED,FLOW,ASK
40.24580855647777,99.74,1,ORD-5858,ORD-5853,FUND_ADAPT,FLOW,BID
40.24580855647777,99.74,3,ORD-5858,ORD-5857,FUND_ADAPT,MM,BID
40.2685890274873,99.73,3,ORD-5861,ORD-5859,INFORMED,MM,ASK
40.2685890274873,99.72,2,ORD-5861,ORD-5730,INFORMED,FLOW,ASK
40.331406214020866,99.72,4,ORD-5874,ORD-5730,INFORMED,FLOW,ASK
40.331406214020866,99.72,1,ORD-5874,ORD-5736,INFORMED,FLOW,ASK
40.332667582582225,99.74,3,ORD-5877,ORD-5869,FLOW,FLOW,BID
40.332667582582225,99.74,1,ORD-5877,ORD-5876,FLOW,MM,BID
40.3359232695491,99.72,1,ORD-5880,ORD-5736,FLOW,FLOW,ASK
40.3359232695491,99.72,3,ORD-5880,ORD-5761,FLOW,FLOW,ASK
40.3359232695491,99.72,2,ORD-5880,ORD-5780,FLOW,FLOW,ASK
40.41395762605219,99.72,4,ORD-5892,ORD-5780,FUND_ADAPT,FLOW,ASK
40.418757761431,99.72,4,ORD-5896,ORD-5834,FUND_ADAPT,FLOW,ASK
40.432845724396735,99.72,1,ORD-5902,ORD-5834,FUND_ADAPT,FLOW,ASK
40.432845724396735,99.72,3,ORD-5902,ORD-5900,FUND_ADAPT,MM,ASK
40.44253154297447,99.71,4,ORD-5906,ORD-5733,FUND_ADAPT,FLOW,ASK
40.44962437715637,99.71,1,ORD-5907,ORD-5820,FLOW,FLOW,ASK
40.44962437715637,99.71,3,ORD-5907,ORD-5904,FLOW,MM,ASK
40.51146907795162,99.7,2,ORD-5917,ORD-5635,FUND_ADAPT,FLOW,ASK
40.51146907795162,99.7,2,ORD-5917,ORD-5640,FUND_ADAPT,FLOW,ASK
40.57064017738466,99.7,1,ORD-5921,ORD-5640,FUND_ADAPT,FLOW,ASK
40.57064017738466,99.7,3,ORD-5921,ORD-5724,FUND_ADAPT,FLOW,ASK
40.58599152673093,99.7,2,ORD-5925,ORD-5764,FLOW,FLOW,ASK
40.65344420814217,99.71,3,ORD-5934,ORD-5933,FLOW,MM,BID
40.67290710310333,99.7,3,ORD-5937,ORD-5764,INFORMED,FLOW,ASK
40.67290710310333,99.69,2,ORD-5937,ORD-5774,INFORMED,FLOW,ASK
41.0934924498701,99.69,1,ORD-5981,ORD-5914,FLOW,FLOW,ASK
41.0934924498701,99.69,2,ORD-5981,ORD-5947,FLOW,FLOW,ASK
41.0934924498701,99.69,1,ORD-5981,ORD-5955,FLOW,FLOW,ASK
41.14491303981081,99.7,4,ORD-5987,ORD-5975,FLOW,FLOW,BID
41.26985271891633,99.69,1,ORD-6003,ORD-5955,INFORMED,FLOW,ASK
41.26985271891633,99.68,4,ORD-6003,ORD-5931,INFORMED,FLOW,ASK
41.32579278063072,99.69,3,ORD-6011,ORD-6010,FLOW,MM,BID
41.56753678793586,99.7,2,ORD-6050,ORD-5975,FLOW,FLOW,BID
41.56753678793586,99.7,3,ORD-6050,ORD-5992,FLOW,FLOW,BID
41.56753678793586,99.7,1,ORD-6050,ORD-6020,FLOW,FLOW,BID
41.6472483844375,99.68,1,ORD-6061,ORD-5931,FLOW,FLOW,ASK
41.71696146126185,99.68,1,ORD-6073,ORD-5931,FLOW,FLOW,ASK
41.796385706188126,99.7,3,ORD-6086,ORD-6020,FLOW,FLOW,BID
41.81116257029512,99.68,4,ORD-6089,ORD-5966,FLOW,FLOW,ASK
41.83734901112549,99.68,5,ORD-6092,ORD-6006,INFORMED,FLOW,ASK
41.83734901112549,99.68,2,ORD-6092,ORD-6090,INFORMED,MM,ASK
41.869616264582135,99.67,4,ORD-6095,ORD-5918,INFORMED,FLOW,ASK
41.88734901112549,99.67,1,ORD-6102,ORD-5918,FUND_ADAPT,FLOW,ASK
41.88734901112549,99.67,3,ORD-6102,ORD-5922,FUND_ADAPT,FLOW,ASK
41.89422616931729,99.67,3,ORD-6103,ORD-5922,INFORMED,FLOW,ASK
41.89422616931729,99.67,1,ORD-6103,ORD-6017,INFORMED,FLOW,ASK
41.894435917546,99.67,2,ORD-6106,ORD-6104,FLOW,MM,ASK
41.909828601416564,99.66,2,ORD-6109,ORD-6014,INFORMED,FLOW,ASK
41.91961626458213,99.66,4,ORD-6114,ORD-6040,FUND_ADAPT,FLOW,ASK
41.94422616931729,99.66,2,ORD-6120,ORD-6040,FUND_ADAPT,FLOW,ASK
41.94422616931729,99.66,2,ORD-6120,ORD-6058,FUND_ADAPT,FLOW,ASK
41.946712594599916,99.68,1,ORD-6121,ORD-6119,FLOW,MM,BID
41.95069168929201,99.66,3,ORD-6126,ORD-6058,FUND_ADAPT,FLOW,ASK
41.95069168929201,99.66,3,ORD-6126,ORD-6124,FUND_ADAPT,MM,ASK
41.95424882297062,99.65,3,ORD-6130,ORD-5969,FUND_ADAPT,FLOW,ASK
41.95424882297062,99.65,1,ORD-6130,ORD-6000,FUND_ADAPT,FLOW,ASK
41.95982860141656,99.65,5,ORD-6133,ORD-6000,FUND_ADAPT,FLOW,ASK
41.95982860141656,99.65,3,ORD-6133,ORD-6078,FUND_ADAPT,FLOW,ASK
41.98442705563016,99.63,1,ORD-6140,ORD-6134,FLOW,FLOW,ASK
41.997562531012804,99.61,2,ORD-6143,ORD-6141,FLOW,MM,ASK
42.02943390019895,99.59,1,ORD-6146,ORD-6144,FLOW,MM,ASK
42.02943390019895,99.59,3,ORD-6149,ORD-6148,FUND_ADAPT,MM,BID
42.07410320813641,99.62,3,ORD-6156,ORD-6155,FUND_ADAPT,MM,BID
42.12874403939555,99.62,1,ORD-6166,ORD-6164,FLOW,MM,ASK
42.151832556443004,99.63,1,ORD-6172,ORD-6171,FLOW,MM,BID
42.1782044685308,99.63,2,ORD-6175,ORD-6174,FLOW,MM,BID
42.26695551658006,99.63,1,ORD-6184,ORD-6181,FLOW,FLOW,BID
42.39974478696016,99.61,2,ORD-6201,ORD-6163,INFORMED,FLOW,ASK
42.41978295271886,99.61,1,ORD-6204,ORD-6163,FLOW,FLOW,ASK
42.44974478696016,99.61,3,ORD-6214,ORD-6163,FUND_ADAPT,FLOW,ASK
42.44974478696016,99.61,1,ORD-6214,ORD-6190,FUND_ADAPT,FLOW,ASK
42.49814564307453,99.61,3,ORD-6218,ORD-6190,FUND_ADAPT,FLOW,ASK
42.49814564307453,99.61,1,ORD-6218,ORD-6216,FUND_ADAPT,MM,ASK
42.510422724817516,99.61,2,ORD-6219,ORD-6216,INFORMED,MM,ASK
42.771117049502905,99.6,3,ORD-6238,ORD-6237,FLOW,MM,BID
42.7958667846833,99.61,2,ORD-6241,ORD-6232,FLOW,FLOW,BID
42.7958667846833,99.61,2,ORD-6241,ORD-6240,FLOW,MM,BID
42.83385753550194,99.62,1,ORD-6244,ORD-6235,FLOW,FLOW,BID
42.863953402434404,99.6,3,ORD-6247,ORD-6245,INFORMED,MM,ASK
42.863953402434404,99.59,1,ORD-6247,ORD-6153,INFORMED,FLOW,ASK
42.863953402434404,99.59,1,ORD-6247,ORD-6157,INFORMED,FLOW,ASK
42.878027580625165,99.59,2,ORD-6250,ORD-6157,INFORMED,FLOW,ASK
42.894541000802164,99.61,3,ORD-6258,ORD-6257,FUND_ADAPT,MM,BID
42.93629784645855,99.62,1,ORD-6266,ORD-6235,FLOW,FLOW,BID
42.94434118367821,99.6,3,ORD-6272,ORD-6270,FLOW,MM,ASK
42.94434118367821,99.6,3,ORD-6275,ORD-6273,FUND_ADAPT,MM,ASK
43.01448088102227,99.59,1,ORD-6284,ORD-6198,FLOW,FLOW,ASK
43.01448088102227,99.59,3,ORD-6284,ORD-6215,FLOW,FLOW,ASK
43.01448088102227,99.59,1,ORD-6284,ORD-6269,FLOW,FLOW,ASK
43.068030461302676,99.59,2,ORD-6289,ORD-6269,FLOW,FLOW,ASK
43.068030461302676,99.59,3,ORD-6289,ORD-6287,FLOW,MM,ASK
43.073159761364074,99.58,2,ORD-6292,ORD-6150,INFORMED,FLOW,ASK
43.120152802372694,99.59,1,ORD-6295,ORD-6289,FLOW,FLOW,BID
43.120152802372694,99.59,3,ORD-6295,ORD-6294,FLOW,MM,BID
43.12709213184135,99.58,1,ORD-6300,ORD-6207,FLOW,FLOW,ASK
43.14457108319557,99.6,3,ORD-6303,ORD-6302,FLOW,MM,BID
43.18468356275796,99.59,3,ORD-6306,ORD-6304,FLOW,MM,ASK
43.22461598648801,99.58,2,ORD-6314,ORD-6207,FLOW,FLOW,ASK
43.22715343699404,99.58,3,ORD-6317,ORD-6207,INFORMED,FLOW,ASK
43.22715343699404,99.58,3,ORD-6317,ORD-6315,INFORMED,MM,ASK
43.22715343699404,99.57,1,ORD-6317,ORD-6255,INFORMED,FLOW,ASK
43.23800440468975,99.59,3,ORD-6322,ORD-6321,FLOW,MM,BID
43.23800440468975,99.63,1,ORD-6322,ORD-6181,FLOW,FLOW,BID
43.25986420783633,99.58,3,ORD-6327,ORD-6325,FLOW,MM,ASK
43.277153436994034,99.57,1,ORD-6332,ORD-6255,FUND_ADAPT,FLOW,ASK
43.277153436994034,99.57,3,ORD-6332,ORD-6311,FUND_ADAPT,FLOW,ASK
43.30208558071969,99.59,2,ORD-6333,ORD-6331,FLOW,MM,BID
43.30208558071969,99.57,3,ORD-6336,ORD-6334,FUND_ADAPT,MM,ASK
43.407938207970936,99.56,1,ORD-6337,ORD-6224,FLOW,FLOW,ASK
43.56217937319644,99.56,2,ORD-6351,ORD-6224,INFORMED,FLOW,ASK
43.578986037872106,99.56,2,ORD-6354,ORD-6224,FLOW,FLOW,ASK
43.578986037872106,99.56,2,ORD-6354,ORD-6352,FLOW,MM,ASK
43.59113492398753,99.55,2,ORD-6357,ORD-6343,FLOW,FLOW,ASK
43.59113492398753,99.55,1,ORD-6357,ORD-6346,FLOW,FLOW,ASK
43.60910662868149,99.56,3,ORD-6365,ORD-6364,FUND_ADAPT,MM,BID
43.61546340962329,99.57,3,ORD-6368,ORD-6367,FLOW,MM,BID
43.641932636202824,99.55,3,ORD-6377,ORD-6376,FUND_ADAPT,MM,BID
43.651801836510174,99.57,2,ORD-6378,ORD-6374,FLOW,FLOW,BID
43.6879832737566,99.56,1,ORD-6381,ORD-6380,FLOW,MM,BID
43.924213626038195,99.56,3,ORD-6397,ORD-6396,FLOW,MM,BID
43.9621622683059,99.56,3,ORD-6400,ORD-6399,FLOW,MM,BID
43.993157221416126,99.55,2,ORD-6409,ORD-6407,FLOW,MM,ASK
43.99374149354951,99.57,3,ORD-6412,ORD-6374,FLOW,FLOW,BID
44.00023605794439,99.55,3,ORD-6415,ORD-6413,FLOW,MM,ASK
44.00023605794439,99.53,1,ORD-6415,ORD-6360,FLOW,FLOW,ASK
44.00023605794439,99.56,3,ORD-6418,ORD-6417,FUND_ADAPT,MM,BID
44.213533594308096,99.57,1,ORD-6428,ORD-6374,FLOW,FLOW,BID
44.3158621074279,99.57,3,ORD-6446,ORD-6444,INFORMED,MM,ASK
44.3158621074279,99.56,2,ORD-6446,ORD-6438,INFORMED,FLOW,ASK
44.330919076957954,99.56,3,ORD-6449,ORD-6438,INFORMED,FLOW,ASK
44.330919076957954,99.56,1,ORD-6449,ORD-6447,INFORMED,MM,ASK
44.3592978860054,99.57,3,ORD-6457,ORD-6456,FLOW,MM,BID
44.365862107427894,99.57,3,ORD-6462,ORD-6457,FUND_ADAPT,FLOW,ASK
44.365862107427894,99.57,1,ORD-6462,ORD-6460,FUND_ADAPT,MM,ASK
44.380760844567206,99.57,2,ORD-6463,ORD-6460,FLOW,MM,ASK
44.44357557779624,99.57,3,ORD-6471,ORD-6470,FLOW,MM,BID
44.44357557779624,99.57,2,ORD-6474,ORD-6471,FUND_ADAPT,FLOW,ASK
44.44357557779624,99.57,3,ORD-6474,ORD-6472,FUND_ADAPT,MM,ASK
44.50504736443242,99.55,2,ORD-6483,ORD-6422,INFORMED,FLOW,ASK
44.50504736443242,99.55,2,ORD-6483,ORD-6454,INFORMED,FLOW,ASK
44.518839611572176,99.55,1,ORD-6486,ORD-6454,FLOW,FLOW,ASK
44.60812936454441,99.57,3,ORD-6494,ORD-6493,FLOW,MM,BID
44.63896440219561,99.57,1,ORD-6497,ORD-6494,FLOW,FLOW,ASK
44.76454382339811,99.56,3,ORD-6506,ORD-6504,INFORMED,MM,ASK
44.76454382339811,99.55,1,ORD-6506,ORD-6454,INFORMED,FLOW,ASK
44.76454382339811,99.55,3,ORD-6509,ORD-6480,FUND_ADAPT,FLOW,ASK
44.76454382339811,99.55,1,ORD-6509,ORD-6507,FUND_ADAPT,MM,ASK
44.814543823398104,99.55,3,ORD-6514,ORD-6512,FUND_ADAPT,MM,ASK
44.89032142172246,99.54,2,ORD-6517,ORD-6419,INFORMED,FLOW,ASK
44.89032142172246,99.54,2,ORD-6520,ORD-6419,FUND_ADAPT,FLOW,ASK
44.89032142172246,99.54,4,ORD-6520,ORD-6425,FUND_ADAPT,FLOW,ASK
44.89032142172246,99.54,2,ORD-6520,ORD-6477,FUND_ADAPT,FLOW,ASK
44.90802550675451,99.54,2,ORD-6524,ORD-6477,FUND_ADAPT,FLOW,ASK
44.90802550675451,99.54,3,ORD-6524,ORD-6522,FUND_ADAPT,MM,ASK
44.908573759452345,99.53,1,ORD-6525,ORD-6360,FLOW,FLOW,ASK
44.908573759452345,99.52,2,ORD-6525,ORD-6468,FLOW,FLOW,ASK
44.908573759452345,99.52,1,ORD-6525,ORD-6521,FLOW,FLOW,ASK
44.955089500091134,99.52,1,ORD-6533,ORD-6521,FLOW,FLOW,ASK
44.955089500091134,99.52,2,ORD-6533,ORD-6531,FLOW,MM,ASK
44.955089500091134,99.52,3,ORD-6536,ORD-6535,FUND_ADAPT,MM,BID
45.06931802091293,99.54,1,ORD-6549,ORD-6537,FLOW,FLOW,ASK
45.078889783556,99.54,5,ORD-6555,ORD-6537,FUND_ADAPT,FLOW,ASK
45.1116823809827,99.52,1,ORD-6558,ORD-6540,FUND_ADAPT,FLOW,ASK
45.1116823809827,99.52,3,ORD-6558,ORD-6552,FUND_ADAPT,FLOW,ASK
45.204343825780334,99.52,3,ORD-6562,ORD-6552,INFORMED,FLOW,ASK
45.204343825780334,99.52,1,ORD-6562,ORD-6560,INFORMED,MM,ASK
45.204343825780334,99.52,3,ORD-6565,ORD-6564,FUND_ADAPT,MM,BID
45.245102263670894,99.51,2,ORD-6571,ORD-6569,FLOW,MM,ASK
45.245102263670894,99.51,3,ORD-6574,ORD-6572,FUND_ADAPT,MM,ASK
45.25614753974708,99.52,2,ORD-6577,ORD-6576,FLOW,MM,BID
45.27373322890325,99.52,3,ORD-6580,ORD-6579,FLOW,MM,BID
45.36981608806888,99.51,3,ORD-6585,ORD-6583,FUND_ADAPT,MM,ASK
45.39090739984687,99.53,3,ORD-6586,ORD-6584,FLOW,MM,BID
45.39090739984687,99.56,1,ORD-6586,ORD-6546,FLOW,FLOW,BID
45.47447295850892,99.5,1,ORD-6601,ORD-6543,FUND_ADAPT,FLOW,ASK
45.602406728341975,99.5,3,ORD-6615,ORD-6614,FLOW,MM,BID
45.602406728341975,99.49,1,ORD-6618,ORD-6568,FUND_ADAPT,FLOW,ASK
45.602406728341975,99.49,3,ORD-6618,ORD-6616,FUND_ADAPT,MM,ASK
45.60373837945831,99.51,1,ORD-6619,ORD-6617,FLOW,MM,BID
45.7027862459453,99.48,4,ORD-6631,ORD-6612,FLOW,FLOW,ASK
45.73428293551436,99.5,3,ORD-6637,ORD-6636,FLOW,MM,BID
45.73428293551436,99.52,1,ORD-6637,ORD-6609,FLOW,FLOW,BID
45.73428293551436,99.49,3,ORD-6640,ORD-6638,FUND_ADAPT,MM,ASK
45.87474362768029,99.5,1,ORD-6651,ORD-6650,FLOW,MM,BID
45.88268944649117,99.48,4,ORD-6654,ORD-6628,INFORMED,FLOW,ASK
45.899429355920354,99.48,2,ORD-6660,ORD-6628,INFORMED,FLOW,ASK
45.899429355920354,99.48,5,ORD-6660,ORD-6648,INFORMED,FLOW,ASK
45.90164949847835,99.5,3,ORD-6663,ORD-6662,FLOW,MM,BID
45.90164949847835,99.52,1,ORD-6663,ORD-6609,FLOW,FLOW,BID
45.93268944649117,99.48,3,ORD-6674,ORD-6672,FUND_ADAPT,MM,ASK
45.93978433908003,99.47,1,ORD-6675,ORD-6606,FLOW,FLOW,ASK
45.93978433908003,99.48,3,ORD-6678,ORD-6676,FUND_ADAPT,MM,ASK
45.94619378848612,99.5,3,ORD-6679,ORD-6677,FLOW,MM,BID
45.94942935592035,99.48,3,ORD-6684,ORD-6682,FUND_ADAPT,MM,ASK
46.02595747854747,99.47,2,ORD-6689,ORD-6606,FLOW,FLOW,ASK
46.14517546231958,99.47,1,ORD-6703,ORD-6606,FLOW,FLOW,ASK
46.155229809874854,99.47,2,ORD-6708,ORD-6606,FUND_ADAPT,FLOW,ASK
46.155229809874854,99.47,2,ORD-6708,ORD-6625,FUND_ADAPT,FLOW,ASK
46.1770631972329,99.47,2,ORD-6712,ORD-6625,FUND_ADAPT,FLOW,ASK
46.182648908521834,99.46,3,ORD-6713,ORD-6710,INFORMED,MM,ASK
46.182648908521834,99.45,4,ORD-6713,ORD-6622,INFORMED,FLOW,ASK
46.25474768337928,99.45,2,ORD-6718,ORD-6634,FLOW,FLOW,ASK
46.25992207633833,99.45,4,ORD-6721,ORD-6634,INFORMED,FLOW,ASK
46.30170272031777,99.45,3,ORD-6726,ORD-6669,INFORMED,FLOW,ASK
46.30170272031777,99.44,1,ORD-6726,ORD-6692,INFORMED,FLOW,ASK
46.31317816161717,99.44,3,ORD-6734,ORD-6692,INFORMED,FLOW,ASK
46.31317816161717,99.43,1,ORD-6734,ORD-6709,INFORMED,FLOW,ASK
46.359598528200515,99.43,3,ORD-6745,ORD-6709,INFORMED,FLOW,ASK
46.359598528200515,99.42,1,ORD-6745,ORD-6740,INFORMED,FLOW,ASK
46.359598528200515,99.42,1,ORD-6745,ORD-6743,INFORMED,MM,ASK
46.40959852820051,99.38,3,ORD-6752,ORD-6751,FUND_ADAPT,MM,BID
46.41237171474423,99.41,3,ORD-6755,ORD-6754,FUND_ADAPT,MM,BID
46.47267885188072,99.39,2,ORD-6756,ORD-6753,FLOW,MM,ASK
46.57355866560818,99.4,1,ORD-6759,ORD-6757,FLOW,MM,ASK
46.57355866560818,99.41,3,ORD-6762,ORD-6761,FUND_ADAPT,MM,BID
46.625735764093285,99.41,2,ORD-6768,ORD-6766,FLOW,MM,ASK
46.69388730794137,99.41,3,ORD-6773,ORD-6771,INFORMED,MM,ASK
46.69388730794137,99.4,3,ORD-6773,ORD-6765,INFORMED,FLOW,ASK
46.69388730794137,99.41,3,ORD-6776,ORD-6775,FUND_ADAPT,MM,BID
46.71052179673526,99.42,3,ORD-6780,ORD-6779,FUND_ADAPT,MM,BID
46.71580695074002,99.4,2,ORD-6781,ORD-6778,FLOW,MM,ASK
46.726007205932646,99.41,3,ORD-6787,ORD-6786,FUND_ADAPT,MM,BID
46.78728586912632,99.39,3,ORD-6790,ORD-6788,INFORMED,MM,ASK
46.79949194504503,99.39,3,ORD-6796,ORD-6795,FUND_ADAPT,MM,BID
46.80731656511519,99.4,3,ORD-6799,ORD-6798,FUND_ADAPT,MM,BID
46.819107160384604,99.38,3,ORD-6800,ORD-6797,INFORMED,MM,ASK
46.819107160384604,99.36,1,ORD-6800,ORD-6793,INFORMED,FLOW,ASK
46.819107160384604,99.4,3,ORD-6803,ORD-6802,FUND_ADAPT,MM,BID
46.83728586912632,99.4,3,ORD-6806,ORD-6805,FUND_ADAPT,MM,BID
46.84315604119805,99.38,3,ORD-6807,ORD-6804,INFORMED,MM,ASK
46.84315604119805,99.36,2,ORD-6807,ORD-6793,INFORMED,FLOW,ASK
46.84315604119805,99.4,3,ORD-6810,ORD-6809,FUND_ADAPT,MM,BID
46.89315604119805,99.39,3,ORD-6817,ORD-6815,FUND_ADAPT,MM,ASK
46.915710673218214,99.36,2,ORD-6818,ORD-6793,INFORMED,FLOW,ASK
46.96571067321821,99.38,3,ORD-6826,ORD-6824,FUND_ADAPT,MM,ASK
47.049890440238244,99.38,3,ORD-6839,ORD-6837,FUND_ADAPT,MM,ASK
47.157226357986566,99.38,3,ORD-6860,ORD-6859,FUND_ADAPT,MM,BID
47.1906714197297,99.4,3,ORD-6861,ORD-6832,FLOW,FLOW,BID
47.21417298231609,99.38,3,ORD-6869,ORD-6868,FUND_ADAPT,MM,BID
47.238062830905825,99.39,5,ORD-6872,ORD-6866,FUND_ADAPT,FLOW,BID
47.238062830905825,99.39,3,ORD-6872,ORD-6871,FUND_ADAPT,MM,BID
47.25418382393535,99.4,1,ORD-6879,ORD-6832,FLOW,FLOW,BID
47.25418382393535,99.4,2,ORD-6882,ORD-6832,FUND_ADAPT,FLOW,BID
47.25418382393535,99.4,2,ORD-6882,ORD-6845,FUND_ADAPT,FLOW,BID
47.32227081648283,99.39,3,ORD-6894,ORD-6892,FLOW,MM,ASK
47.390390782422244,99.38,2,ORD-6904,ORD-6889,INFORMED,FLOW,ASK
47.390390782422244,99.38,3,ORD-6904,ORD-6902,INFORMED,MM,ASK
47.390390782422244,99.36,2,ORD-6904,ORD-6842,INFORMED,FLOW,ASK
47.44039078242224,99.37,3,ORD-6912,ORD-6910,FUND_ADAPT,MM,ASK
47.50711747002765,99.36,1,ORD-6913,ORD-6842,FLOW,FLOW,ASK
47.50711747002765,99.36,1,ORD-6913,ORD-6907,FLOW,FLOW,ASK
47.50711747002765,99.34,2,ORD-6913,ORD-6873,FLOW,FLOW,ASK
47.54331131765707,99.36,3,ORD-6927,ORD-6926,FUND_ADAPT,MM,BID
47.582664359410444,99.35,3,ORD-6932,ORD-6930,FUND_ADAPT,MM,ASK
